2582 3105
306 93 341 141 4

240 222 588 271 emendationis
620 235 731 283 spes
763 222 1030 269 abiicienda
1062 228 1204 277 esset,
1235 235 1326 268 nec
1359 236 1478 284 quos
1506 224 1695 271 codices
1727 224 1862 286 sequi
1892 222 2051 285 vellet,
2083 223 2343 284 constituit,

240 314 327 360 sed
357 327 447 373 pro
486 293 712 371 arbitrio,
765 312 895 373 quod
926 311 1103 371 ubique
1137 309 1351 358 oblatum
1386 318 1511 372 erat,
1572 313 1798 372 arripuit,
1856 315 1923 359 ita
1956 320 2012 359 ut
2043 328 2171 374 saepe
2205 312 2343 358 codi-

240 416 349 448 cum
384 406 435 446 et
472 398 727 446 meliorum
771 405 821 446 et
860 406 1039 459 praeter
1078 414 1229 445 unum
1277 401 1492 447 omnium
1539 400 1682 446 bonae
1724 398 1919 446 lectioni
1964 403 2172 449 novandi
2203 414 2344 447 causa

238 489 415 534 menda
446 486 831 548 apographorum
864 486 1302 533 recentissimorum
1327 487 1591 548 praeferret,
1623 501 1686 531 ex
1715 485 1927 546 plurium
1960 489 2345 548 apographorum

239 576 437 624 diversis
476 575 719 621 erroribus
751 589 901 621 novas
934 571 1164 620 lectiones
1198 583 1530 636 componeret,
1573 575 1751 635 ubique
1782 577 1961 633 partim
1998 591 2060 621 ex
2092 576 2343 629 levissimis

237 665 427 711 mendis
452 662 835 708 coniecturarum
856 663 1327 722 perversissimamm
1361 666 1756 723 causam'peteret
1777 664 1953 722 partim
1976 666 2056 709 eas
2075 664 2179 710 sine
2211 662 2344 708 eius-

241 753 372 797 modi
407 766 551 797 causa
588 757 672 796 aut
703 753 757 797 in
789 752 916 796 notis
949 748 1267 810 profunderet
1296 758 1380 797 aut
1407 753 1460 798 in
1494 759 1632 800 textu
1665 758 1880 815 poneret.
1923 750 2081 814 Atque
2102 749 2208 796 haec
2231 763 2343 795 om-

241 841 323 885 nia
354 840 425 884 ita
458 841 583 900 egit,
614 846 672 885 ut
705 839 935 885 sermonis
967 836 1129 882 Latini
1154 837 1317 898 legum
1344 853 1516 899 parum
1550 843 1763 888 curiosus
1798 846 1950 900 esset,
1982 853 2111 900 saepe
2143 843 2343 884 senten-

239 928 417 972 tiarum
463 928 821 987 grammaticam
874 924 1084 970 formam
1126 930 1177 969 et
1234 939 1544 974 communem·
1579 913 1813 991 loquendi·
1840 941 2026 975 morem
2069 924 2345 987 negligeret,

239 1015 503 1075 saepissime
535 1017 635 1063 vim
663 1020 713 1059 et
740 999 952 1059 mentem
985 1019 1035 1057 et
1063 1012 1405 1060 cohaerentiam
1439 1017 1669 1063 orationis
1700 1022 1750 1063 et
1766 1016 2068 1081 ‚Epicuream
2094 1014 2342 1060 rationem.

240 1103 407 1163 Itaque
437 1103 524 1148 ubi
556 1103 662 1147 haec
693 1104 747 1147 in
778 1102 1127 1146 commentario
1159 1101 1443 1161 explicanda
1470 1110 1634 1165 erant,
1667 1110 1752 1150 aut
1780 1103 2140 1150 coacervatione
2174 1113 2344 1146 exem-

240 1190 434 1251 plorum
474 1206 575 1238 non
607 1197 829 1252 aptorum
875 1196 961 1235 aut
991 1191 1338 1236 imitationibus
1371 1193 1710 1253 investigandis
1742 1200 1829 1238 aut
1860 1191 2255 1236 declamando.et
2284 1188 2347 1232 ad

243 1280 405 1326 omnia
446 1278 539 1325 alia
584 1278 895 1340 exspatiando
938 1292 1016 1323 res
1059 1279 1229 1339 agitur.
1308 1278 1412 1325 Nec
1455 1279 1644 1326 difficile
1686 1285 1792 1326 erat
1833 1279 1928 1324 hoc
1967 1279 2112 1323 modo
2156 1277 2344 1323 codices

242 1369 392 1428 sequi.
457 1366 626 1413 Genus
663 1374 737 1413 est
765 1366 961 1411 omnino
989 1366 1040 1411 id
1066 1367 1244 1412 criticae
1278 1361 1329 1411 et
1359 1366 1655 1428 philologiae,
1687 1368 1815 1429 quod
1846 1367 1990 1411 huius
2019 1367 2134 1410 artis
2166 1377 2345 1410 nomen

239 1455 292 1501 in
325 1460 655 1515 contemptum
688 1453 910 1512 adduxit,
942 1453 995 1499 in
1025 1454 1184 1501 verbis
1218 1461 1267 1501 et
1291 1453 1487 1515 syllabis
1521 1455 1734 1514 haerens,
1766 1456 2052 1501 sententiam
2084 1452 2343 1513 negligens,

244 1549 387 1603 atque
431 1542 495 1587 ob
527 1542 580 1587 id
610 1543 769 1600 ipsum
803 1556 867 1586 ne
899 1540 1047 1587 verba
1081 1542 1273 1600 quidem
1306 1555 1573 1602 assequens.
1641 1540 1799 1603 Atque
1829 1540 2137 1588 Wakefieldii
2170 1540 2348 1586 editio-

242 1645 356 1676 nem
391 1628 717 1676 Eichstadtius
746 1629 1000 1688 expressit,
1030 1629 1384 1675 recentissimus
1417 1622 1587 1690 editor,
1618 1630 1867 1692 Forbiger,
1901 1635 1952 1675 et
1980 1630 2033 1675 in
2066 1634 2202 1674 textu
2235 1626 2345 1689 ple-

242 1733 448 1780 rumque
480 1717 613 1781 (uam
646 1719 943 1762 coniecturas
966 1714 1274 1763 Wakefieldii
1291 1717 1474 1780 aliquot
1489 1715 1692 1781 expulit)
1726 1724 1777 1765 et
1807 1719 1859 1764 in
1889 1719 2015 1764 notis
2050 1717 2264 1778 sequitur
2281 1714 2347 1780 ι).ἶ

244 1807 409 1869 Itaque
439 1808 509 1853 ita
536 1821 589 1852 se
620 1821 698 1853 res
729 1805 880 1852 habet
906 1805 958 1851 in
987 1803 1230 1866 Lucretio,
1256 1812 1312 1853 ut
1339 1821 1470 1854 nunc
1489 1822 1598 1855 cum
1619 1808 1779 1868 specie
1811 1805 2066 1868 religionis,
2100 1805 2186 1852 sed
2217 1818 2346 1865 saepe

343 2000 382 2046 ι)
427 1999 616 2045 Exemplo
643 2009 724 2036 esse
746 2008 916 2046 possunt,
939 2008 978 2038 et
1000 2012 1078 2048 quo
1097 2002 1211 2038 modo
1221 2001 1497 2040 Wakefieldius
1515 2002 1708 2050 lectiones,
1731 2014 1824 2050 quas
1852 2002 1918 2040 alii
1942 2001 2105 2038 confessi
2127 2011 2168 2037 se
2188 2010 2266 2036 nou
2283 2002 2346 2036 in-

422 2061 599 2104 telligere
622 2068 822 2104 mutan-ant,
849 2061 1071 2101 defenderit,
1093 2068 1132 2094 et
1154 2072 1268 2104 quam
1291 2073 1422 2098 secure
1446 2065 1537 2099 talia
1562 2071 1830 2109 propagentur,
1852 2063 1930 2097 duo
1952 2063 2029 2097 loci
2051 2061 2141 2096 libri
2153 2062 2280 2105 primi,
2303 2061 2346 2092 iu

425 2118 566 2165 quibus
584 2121 771 2165 particula
796 2122 969 2168 quoniam
992 2123 1045 2155 ita
1068 2122 1236 2164 ponitur,
1263 2128 1306 2156 ut
1328 2124 1474 2158 nullius
1496 2126 1555 2158 rei
1578 2133 1727 2158 causam
1755 2123 1897 2157 reddat.
1945 2121 1994 2155 V.
2004 2122 2089 2167 754,
2115 2121 2261 2163 aliquot
2282 2130 2347 2152 ar-

424 2182 613 2226 gumentis
637 2188 767 2216 contra
791 2190 878 2225 eos,
901 2182 969 2226 qui
993 2180 1104 2225 plura
1128 2189 1255 2215 rerum
1279 2181 1483 2226 primordia
1507 2192 1587 2217 esse
1611 2180 1819 2226 ponebant,
1840 2182 2017 2227 prolatis,
2043 2179 2217 2214 additui-2
2260 2180 2347 2213 Huc

425 2240 570 2274 accedit
589 2239 690 2282 item,
714 2241 885 2285 quoniam
901 2240 1109 2285 primordia
1129 2251 1254 2273 rerum
1267 2240 1402 2274 Mania
1418 2241 1658 2283 constituunt,
1682 2252 1767 2286 quoe
1790 2253 1855 2275 nos
1877 2240 2009 2275 nativa
2031 2240 2193 2273 videmus
2204 2239 2293 2274 Esse
2306 2245 2347 2274 et

425 2299 578 2334 mortali
592 2311 672 2332 cum
697 2311 841 2344 corpore
858 2300 1057 2344 funditus.-
1084 2300 1196 2345 atqua·
1210 2299 1342 2334 debeat
1357 2300 1429 2335 &c-
1472 2298 1696 2345 Superiores
1721 2311 1791 2346 pro
1817 2300 1987 2348 quoniam
2009 2302 2230 2345 scripserant
2252 2301 2350 2348 quod

426 2362 523 2401 iam,
563 2370 642 2392 non
664 2357 785 2399 bene,
824 2360 926 2402 quod
951 2363 1080 2402 tacite,
1122 2371 1192 2395 nec
1216 2371 1285 2405 per
1309 2372 1350 2395 se
1375 2368 1490 2396 recte.
1537 2358 1612 2394 Sed
1632 2360 1908 2395 Wakefieldius
1930 2363 1983 2395 sic
2005 2358 2143 2405 „probe
2167 2359 2349 2394 declarari

426 2419 559 2467 possen
585 2419 745 2454 alterum
761 2424 889 2463 putat:
915 2417 1005 2461 „His
1029 2423 1142 2456 etiam
1165 2421 1248 2455 alia
1272 2421 1415 2456 accedit
1442 2420 1658 2465 duffio-uitas,
1681 2433 1794 2465 quum
1817 2420 1928 2462 iam,¹¹
1951 2427 1994 2454 ut
2018 2422 2188 2454 omiserit
2202 2419 2349 2454 scilicet

425 2480 627 2516 Lucretius
651 2479 713 2521 id,
761 2477 863 2523 quod
890 2478 1012 2513 dicere
1037 2481 1173 2524 vellet,
1223 2483 1396 2526 posuerit
1419 2490 1633 2527 perversam
1655 2480 1888 2525 particulam.
1931 2479 2268 2524 (Mendum-situm
2291 2486 2348 2515 est

427 2553 505 2576 non
529 2543 571 2574 iu
594 2540 776 2586 quoniam,
802 2538 867 2572 sed
892 2541 933 2572 in
956 2542 1064 2585 aequi
1088 2552 1123 2574 v.
1149 2542 1228 2586 756,
1253 2537 1322 2575 ubi
1350 2540 1561 2586 ponendam
1585 2551 1665 2575 esse
1683 2542 1905 2586 particulam
1929 2548 1992 2585 ut,
2015 2541 2170 2575 relatam
2192 2539 2239 2573 ad
2262 2550 2348 2574 ver-

426 2601 541 2642 bum,
568 2599 672 2644 quod
697 2605 752 2633 est
773 2598 939 2642 accedit,
964 2606 1065 2643 patet
1088 2611 1138 2635 ex
1162 2601 1296 2645 codd.‚
1316 2604 1359 2636 in
1383 2599 1524 2646 quibus
1549 2608 1604 2635 est
1630 2607 1674 2635 ut
1697 2602 1761 2649 qui
1767 2614 1782 2642 ‚-
1803 2602 1975 2637 ultimam
1996 2611 2127 2636 versus
2151 2606 2285 2634 vocem
2310 2606 2350 2634 et

426 2659 609 2705 syllabam
633 2670 709 2693 nou
735 2659 915 2703 reperio).
969 2658 1079 2693 Alter
1096 2668 1152 2695 est
1176 2662 1284 2695 locus
1305 2663 1347 2694 in
1371 2672 1408 2698 v.
1434 2660 1535 2706 1082,
1557 2660 1624 2696 ubi
1648 2668 1704 2696 est
1726 2664 1768 2696 iu
1791 2661 1899 2697 codd.
1946 2663 2155 2706 Ptoeterea,
2176 2659 2350 2707 quoniam

427 2734 500 2757 non
537 2720 660 2754 omnia
696 2731 847 2765 corpora
877 2719 1036 2766 fingunt
1069 2722 1107 2755 in
1131 2720 1293 2756 medium
1326 2722 1419 2764 niti,
1465 2722 1531 2756 sed
1550 2727 1733 2757 terrarum
1757 2728 1871 2769 atque
1896 2722 2061 2770 liquoris.
2124 2719 2349 2765 Superiores

427 2783 665 2827 scripserant,
689 2791 710 2814 a
734 2778 917 2815 Lambiuo
939 2779 1141 2817 admoniti:
1163 2784 1361 2819 Proeterea
1385 2794 1524 2831 quoque
1547 2782 1637 2820 iam.
1684 2781 1760 2819 Sed
1773 2781 1927 2822 waher.
1948 2783 2079 2828 explet
2101 2783 2350 2833 seutentiamt
