2582 3105
316 179 382 235 16

246 317 350 363 vius
381 328 441 359 eo
474 314 647 373 modo,
695 320 752 360 ut
781 312 954 359 erroris
979 317 1030 359 et
1061 308 1355 359 confusionis
1393 311 1647 359 nominum
1679 311 1885 374 suspicio
1917 309 2138 371 tollatur,
2187 323 2355 358 versus

246 403 481 464 quosdam
500 387 714 447 Lucretii
737 406 1127 458 commemorant,
1161 399 1243 459 qui
1271 413 1399 444 nunc
1426 399 1478 444 in
1496 397 1591 444 hoc
1624 400 1837 445 carmine
1871 414 1971 445 non
2004 404 2207 450 exstant,
2238 396 2355 444 satis

251 497 507 548 constaret,
540 489 777 548 pleniores
812 503 894 533 eos
925 486 1155 534 habuisse
1188 487 1376 534 codices
1409 485 1636 545 Lucretii,
1668 500 1811 546 quam
1836 486 1990 533 nostri
2020 493 2146 546 sunt,
2177 484 2272 533 hoc
2292 482 2357 532 ad

247 578 488 637 duplicem
520 576 665 621 huius
697 575 921 620 carminis
949 576 1279 622 recensionem
1312 575 1555 636 antiquam
1584 572 1789 620 relatmn
1823 578 1922 632 est,
1988 588 2132 634 quam
2162 572 2356 634 opinio-

247 679 360 713 nem
403 670 516 725 post
556 660 912 710 Eichstiidtium
954 664 1032 720 (in
1074 663 1477 711 commentatione
1523 661 1585 709 de
1625 659 1818 708 Lucret.
1852 660 1938 708 vit.
1984 665 2034 706 et
2065 673 2212 708 carm.
2241 666 2356 709 ante

249 754 352 799 eius
394 748 674 811 editionem)
739 765 898 811 nuper
913 813 917 816 ι
934 750 1170 812 Forbiger
1229 750 1299 814 (in
1338 748 1680 798 dissertatione
1713 748 1776 795 de
1808 747 2033 796 Lucretii
2074 745 2293 794 carmine
2319 761 2357 793 a

249 838 493 899 scriptore
527 836 727 884 serioris
760 836 925 883 oetatis
955 837 1119 884 denuo
1144 835 1479 900 pertractato)
1510 839 1578 885 ita
1610 850 1844 884 exornare
1876 835 2082 895 studuit,
2107 842 2165 882 ut
2191 840 2358 882 tamen

246 924 376 973 illius
408 925 698 974 recensionis
734 938 891 986 neque
922 924 1157 972 rationem
1191 938 1350 986 neque
1379 939 1545 972 causas
1576 925 1689 972 satis
1722 922 1995 986 explicaret.
2060 921 2161 970 Iam
2194 927 2355 970 autem

247 1017 398 1073 patet,
428 1009 538 1057 illos
557 1009 688 1057 locos
710 1011 762 1057 in
782 1011 957 1059 nostris
979 1010 1223 1059 codicibus
1245 1016 1444 1072 propter
1468 998 1671 1058 eandem
1691 1025 1882 1058 causam
1905 1011 2180 1070 desiderari,
2213 1016 2358 1071 atque

249 1113 359 1159 eos,
396 1113 602 1161 quorum
634 1100 773 1145 initia
809 1105 893 1145 aut
925 1100 1083 1145 exitus
1115 1113 1366 1160 superesse
1396 1100 1640 1159 videmus,
1683 1115 1832 1161 quum
1862 1098 2048 1160 reliqua
2079 1098 2358 1156 exciderint,

246 1192 449 1247 propter
477 1187 579 1231 eius
610 1187 808 1245 codicis,
842 1201 905 1231 ex
937 1202 1033 1247 quo
1068 1201 1235 1232 omnes
1266 1188 1423 1233 nostri
1455 1188 1588 1232 ducti
1622 1193 1760 1244 sunt,
1800 1187 2145 1234 condicionem.
2206 1185 2358 1232 Velut

251 1274 383 1335 quod
418 1273 609 1322 Servius
642 1274 703 1320 ad
733 1272 870 1335 Virg.
907 1273 1084 1335 Georg.
1121 1272 1190 1332 11,
1253 1277 1319 1326 42
1360 1287 1460 1334 sqq.
1519 1279 1571 1318 et
1626 1274 1690 1318 ad
1730 1273 1922 1318 AEneid.
1968 1272 2060 1331 VI,
2118 1275 2215 1324 625
2254 1286 2357 1334 sqq.

251 1359 389 1423 (Non
419 1375 511 1422 ego
545 1368 726 1407 cuneta
758 1360 880 1407 meis
912 1360 1147 1423 amplecti
1176 1359 1396 1407 versibus
1430 1366 1547 1422 opto
1554 1391 1572 1415 ,
1616 1360 1760 1416 Non,
1792 1357 1914 1405 mihi
1944 1358 1990 1404 si
2021 1357 2207 1421 linguoe
2237 1373 2359 1405 oen-

254 1454 363 1496 tum
396 1447 498 1494 sint
532 1462 720 1511 oraque
755 1456 978 1510 centum,
1040 1450 1231 1495 Ferrea
1261 1462 1356 1495 vox
1382 1445 1494 1509 &c.)
1542 1448 1731 1508 scribit,
1794 1448 2008 1498 Lucretii
2040 1462 2144 1494 esse
2176 1455 2359 1507 versus,

254 1537 342 1583 sed
373 1550 487 1582 eum
523 1550 715 1582 aeneam
744 1551 941 1593 vocem,
1004 1552 1105 1585 non
1140 1535 1372 1596 ferream
1418 1537 1607 1590 dicere,
1666 1541 1887 1595 apertum
1921 1542 2024 1591 est,
2084 1535 2359 1584 huiusmodi

252 1636 422 1671 versus
456 1625 640 1683 optime
671 1622 831 1669 locum
862 1623 1044 1673 habere
1074 1626 1287 1684 potuisse
1322 1625 1375 1670 in
1413 1624 1498 1683 iis,
1552 1637 1659 1683 quse
1701 1629 1815 1668 ante
1856 1638 1902 1670 v.
1932 1624 2033 1676 610
2077 1623 2189 1670 libri
2232 1624 2358 1671 sexti

250 1710 487 1757 excidisse
516 1711 644 1770 dixi,
706 1716 851 1771 poeta
881 1711 943 1757 ad
975 1711 1317 1757 miraculorum
1350 1711 1518 1757 mundi
1553 1710 1859 1756 diversissimi
1891 1712 2078 1772 generis
2108 1710 2356 1759 ‘rationem

248 1799 544 1845 reddendam
577 1799 847 1844 accedente.
941 1798 1127 1846 Verum
1166 1799 1309 1845 simul
1344 1799 1436 1844 hac
1469 1805 1634 1845 nostra
1680 1799 2001 1858 disputatione
2034 1800 2167 1861 quasi
2201 1799 2357 1847 obiter

251 1884 432 1946 aliquot
474 1885 707 1945 exemplis
745 1886 905 1947 aliqua
938 1901 1001 1931 ex
1048 1892 1187 1945 parte
1224 1885 1521 1945 patefactum
1564 1900 1669 1930 esse
1710 1891 1852 1944 puto,
1915 1885 2065 1946 qualis
2105 1887 2168 1932 sit
2206 1886 2357 1933 totius

251 1972 395 2018 huius
429 1974 651 2017 carminis
686 1974 850 2019 critica
877 1974 1119 2032 condicio,
1175 1988 1413 2034 quamque
1443 1971 1648 2031 frustra,
1714 1973 1756 2019 si
1788 1974 2075 2032 paucissima
2108 1972 2355 2034 exceperis

251 2065 303 2104 et
333 2058 439 2105 fere
473 2059 687 2116 minuta,
712 2061 1003 2104 recentiores
1036 2062 1242 2106 editores
1272 2061 1366 2107 sibi
1395 2059 1623 2121 gratulati
1652 2060 1750 2106 sint
1781 2060 1844 2106 de
1876 2061 1977 2107 eius
2003 2061 2357 2120 emendatione,

255 2163 401 2209 quum
433 2148 609 2207 partim
643 2162 736 2207 pro
768 2148 1053 2193 coniecturis
1085 2147 1309 2195 Lambini
1348 2155 1398 2195 et
1435 2148 1641 2196 aliorum
1673 2148 2030 2197 substituissent
2060 2164 2162 2196 non
2193 2148 2352 2196 minus

254 2236 537 2281 auctoritate
572 2236 799 2281 destituta
833 2243 884 2282 et
925 2235 1080 2281 multo
1121 2237 1286 2295 peiora
1325 2242 1597 2281 commenta
1623 2235 1899 2295 hominum,
1948 2238 2031 2297 qui
2063 2234 2223 2283 seculo
2253 2233 2355 2288 XV,

252 2324 610 2369 recentissimos
643 2323 828 2369 codices
860 2321 1231 2383 interpolamnt‚
1260 2321 1437 2383 partim
1472 2320 1750 2381 simpliciter
1781 2328 2009 2384 tanquam
2035 2338 2152 2370 sana
2184 2321 2351 2371 defen-

253 2412 436 2457 dissent
465 2418 515 2457 et
546 2409 749 2471 intelligi
780 2425 919 2470 posse
945 2416 1197 2470 putassent
1224 2411 1400 2457 menda
1433 2410 1652 2455 codicum
1680 2410 1973 2470 communia,
2008 2426 2202 2459 sensum
2235 2410 2351 2458 nul-

252 2498 354 2545 lum
388 2498 637 2558 habentia,
680 2496 788 2559 quse
820 2504 1017 2543 eatenus
1049 2504 1239 2545 tantum
1273 2513 1385 2543 cum
1416 2497 1732 2556 corruptionis
1762 2504 1877 2545 nota
1904 2501 2171 2547 revocanda
2196 2505 2350 2553 erant,

252 2594 331 2646 ut,
365 2602 514 2649 quum
541 2593 673 2633 certa
700 2586 975 2633 emendatio
1007 2601 1106 2633 non
1139 2591 1442 2646 suppeteret,
1501 2599 1565 2630 ne
1604 2584 1880 2634 luderemur
1919 2589 2185 2636 temerariis
2225 2602 2350 2634 con-

256 2677 462 2722 iecturis.
536 2673 695 2738 Atque
724 2674 866 2721 huius
896 2676 1084 2736 generis
1114 2673 1209 2720 loci
1242 2672 1383 2721 multi
1413 2672 1593 2735 ubique
1623 2681 1761 2736 sunt,
1808 2675 2003 2738 plurimi
2033 2679 2088 2726 in
2120 2675 2347 2726 extremis

257 2763 413 2826 libris,
445 2764 532 2811 ubi
563 2764 751 2812 codices
784 2748 1113 2812 mendosiores
1144 2769 1286 2823 sunt,
1329 2777 1472 2825 quam
1501 2762 1552 2809 in
1586 2763 1765 2824 primis.
