2582 3105
320 117 354 163 8

253 247 492 309 Apparet,
537 243 704 289 deesse
737 243 971 305 apodosin
1000 242 1366 303 respondentem
1399 247 1581 306 protasi
1597 244 1767 310 (quod
1794 245 1838 294 si
1866 245 2002 308 δια),
2049 250 2127 295 cui
2152 253 2357 311 ¹apodosi

252 335 570 382 annectantur
601 333 812 379 rationes
850 330 1071 391 (Praeter
1089 329 1259 395 enim).
1323 332 1494 394 Itaque
1523 334 1712 381 additus
1747 343 1821 383 est
1843 352 2006 385 versus
2025 336 2353 386 huiusmodi:-2

582 420 774 466 Scilicet
803 437 834 467 a
866 435 979 468 vera
1009 418 1153 481 longe
1185 421 1371 466 ratione
1403 427 1643 469 remotum
1678 430 1779 485 est3

250 512 387 572 isque
403 511 454 556 in
477 511 685 572 antiquis
707 511 814 557 edd.
836 507 960 554 male
982 507 1254 568 ponebatur
1271 515 1381 570 post
1411 508 1546 556 illum
1575 524 1789 557 versum:
1822 509 1972 569 Quod
1999 512 2231 562 vitalibus
2250 513 2357 575 &c.,

251 600 364 644 inde
391 598 690 644 a·Lambino
722 613 811 643 suo
844 597 979 657 loco;
1016 612 1160 657 quem
1195 599 1324 659 quod
1345 596 1542 645 Wakef.
1577 604 1627 643 et
1658 597 1892 661 Forbiger
1922 602 2137 660 spurium
2167 610 2354 663 putant,

252 687 358 747 quis
391 701 489 731 non
520 685 674 744 videt,
738 684 919 731 nullam
953 700 1066 731 eum
1098 685 1279 732 habere
1287 702 1291 721 2
1325 686 1656 732 auctoritatem
1669 681 1695 730 ?
1758 687 1886 748 quod
1929 695 2090 734 autem
2130 691 2351 749 ”prorsus

252 771 589 833 superfluum,'’
614 788 759 819 nemo
780 774 956 832 credet,
984 774 1066 834 qui
1089 775 1283 820 inanem
1307 789 1477 820 sonum
1499 789 1530 820 a
1549 775 1785 820 sententia
1817 775 1975 822 verbis
2008 776 2355 836 comprehensa

249 860 511 921 distinguet
532 859 593 922 ¹).
660 861 716 907 In
741 867 877 907 sexto
904 861 1053 922 libro,
1119 878 1215 924 quo
1243 862 1350 908 loco
1371 862 1629 909 Lucretius
1663 877 1699 908 a
1721 869 1864 909 terrae
1894 864 2100 910 motibus
2137 879 2352 911 comme-

249 949 495 996 morandis
524 951 696 996 transit
729 951 790 996 ad
818 949 910 997 alia
941 957 1126 997 naturae
1147 950 1375 997 miracula
1401 950 1696 1011 explicanda,
1719 965 1784 997 ne
1794 951 2137 997 Wakefieldius
2160 953 2353 1012 quidem

250 1038 467 1097 negavit,
509 1043 622 1082 ante
662 1051 863 1085 versum·
897 1039 997 1098 609
1045 1035 1326 1101 (Principio
1357 1052 1495 1085 mare
1530 1036 1777 1084 mirantur·
1813 1054 1912 1086 non
1945 1040 2151 1084 reddere
2191 1039 2354 1083 maius

248 1124 525 1187 Naturam)
549 1127 818 1170 necessario
843 1126 1151 1173 statuendum
1174 1139 1278 1173 esse
1312 1124 1491 1188 aliquid
1524 1126 1576 1173 in
1608 1126 1867 1182 codicibus,
1904 1128 1986 1188 qui
2009 1126 2137 1173 hunc
2159 1144 2351 1174 versum

247 1213 409 1257 versui
428 1214 527 1263 607
554 1214 824 1271 subiiciunt,
860 1215 1106 1258 excidisse.
1158 1211 1292 1256 Nihil
1327 1213 1457 1258 enim
1489 1210 1671 1258 habent
1702 1212 1784 1259 illa
1810 1212 2061 1275 principio
2093 1212 2351 1275 mirantur,

250 1309 346 1359 quo'
365 1297 655 1349 referantur.
693 1300 858 1362 Itaque
891 1303 1082 1347 additur
1114 1302 1211 1346 iam
1244 1301 1357 1345 inde
1390 1300 1452 1347 ab
1482 1301 1691 1347 editione
1719 1299 1908 1346 Iuntina
1936 1314 1985 1348 v.
2007 1303 2120 1355 608.
2154 1302 2265 1359 Sed,
2292 1309 2349 1349 ut

247 1386 428 1446 dicam,
461 1389 590 1448 quod
622 1390 803 1446 sentio,
841 1389 981 1449 plura
1010 1391 1080 1435 ibi
1111 1390 1417 1446 exciderunt,
1454 1404 1596 1449 quam
1621 1403 1727 1449 quae
1759 1388 1843 1434 illo
1870 1404 1967 1435 uno
2001 1404 2142 1436 versu
2175 1390 2349 1437 dicun-

245 1481 341 1521 tur.
441 1475 584 1522 Certe
626 1492 688 1523 ne
731 1476 815 1523 illo
858 1478 1049 1537 quidem
1095 1476 1429 1536 supplemento
1474 1477 1637 1521 addito
1676 1475 1929 1536 principio
1968 1483 2100 1522 recte
2128 1479 2323 1536 ponitur
2333 1492 2353 1537 32

247 1561 483 1624 significat
514 1564 643 1610 enim
669 1564 723 1611 in
752 1565 835 1622 iis,
873 1580 981 1625 quae
1012 1565 1372 1623 praecesserint,
1408 1561 1577 1622 ,plures
1608 1577 1686 1607 res
1719 1562 2109 1621 comprehensas,
2147 1577 2209 1608 ex
2239 1565 2350 1623 qui-

248 1648 342 1695 bus
377 1652 589 1709 primum
630 1658 774 1710 poeta
814 1653 958 1696 maris
982 1657 1223 1696 -naturam
1271 1650 1505 1710 expediat.
1604 1647 1769 1710 Itaque
1818 1649 1992 1695 horum
2037 1656 2086 1696 et
2122 1649 2347 1696 similium

248 1737 467 1783 locorum
513 1737 598 1799 (ex
639 1739 810 1799 quibus
862 1754 991 1784 nunc
1048 1739 1297 1783 succurrit,
1337 1738 1427 1793 ΙΙΙ,
1470 1738 1595 1794 614,
1658 1735 1744 1781 ubi
1788 1738 2103 1784 recentissimi
2143 1738 2347 1783 editores

249 1826 312 1870 ad
352 1826 672 1871 nominativos
706 1842 804 1872 non
836 1823 1174 1885 attenderunt,)
1218 1840 1278 1870 ea
1309 1830 1382 1870 est
1415 1824 1564 1881 ratic,
1598 1829 1653 1868 ut
1685 1838 1848 1870 versus
1877 1824 1981 1870 illos
2015 1840 2114 1870 non
2140 1824 2209 1870 -ab
2242 1826 2348 1884 ipso

247 1913 475 1959 Lucretio
507 1915 708 1972 scriptos
743 1929 870 1972 esse,
918 1915 1030 1959 satis
1065 1919 1274 1972 constet,
1321 1911 1407 1956 sed
1438 1916 1599 1955 tamen
1630 1909 1905 1957 huiusmodi
1939 1911 2115 1974 aliquid
2152 1914 2345 1959 deside-

247 2002 366 2060 rari,
419 2016 569 2062 quum
603 2017 770 2047 omnes
804 2003 988 2047 codices
1024 2002 1086 2047 ob
1121 2015 1425 2046 communem
1461 2000 1692 2059 originem
1729 2001 1886 2045 manci
1917 2002 2025 2048 sint.
2092 2000 2193 2047 Iam
2225 2000 2345 2045 haec

247 2090 507 2149 disputatio
541 2090 603 2135 ad
634 2105 691 2135 ea
723 2088 1055 2146 transferetur,
1090 2104 1291 2148 quorum
1315 2103 1457 2132 causa
1487 2087 1592 2131 haec
1616 2089 1899 2146 praeparavi.
1931 2088 2193 2134 Ostendam
2216 2087 2344 2131 enim

247 2179 298 2222 in
331 2192 430 2223 uno
463 2176 572 2223 loco
601 2176 714 2224 libri
744 2177 913 2238 primi,
967 2175 1119 2221 altero
1151 2175 1347 2221 secundi
1374 2174 1569 2219 lacunas
1603 2189 1707 2219 esse
1740 2174 2057 2234 complurium
2102 2187 2344 2226 versuum,

247 2266 422 2325 quibus
465 2281 563 2311 non
609 2265 948 2312 animadversis
993 2265 1117 2310 ratio
1165 2261 1415 2309 sententiae
1460 2266 1510 2306 et
1551 2260 1805 2319 verborum
1849 2262 1987 2308 reddi
2024 2261 2156 2308 nullo
2199 2262 2342 2306 modo

344 2389 378 2431 1)
425 2385 600 2422 Ceterum
626 2387 831 2421 rectissime
855 2384 1076 2422 Lambinum
1102 2390 1173 2431 p'ro
1197 2382 1377 2420 vitalibus
1399 2382 1590 2427 scripsisse
1607 2381 1799 2423 vetamus,
1825 2382 1943 2424 saitis,
1963 2384 2120 2428 opinor,
2143 2381 2344 2418 ostendunt

424 2458 489 2488 ea,
518 2459 596 2491 qua
621 2447 873 2486 adiiciuntur-3
920 2457 996 2480 non
1020 2449 1225 2489 quaerstur,
1253 2447 1454 2486 cingantne
1478 2444 1636 2475 animam
1660 2448 1698 2474 et
1722 2445 1889 2476 muniant
1911 2455 1970 2477 res
1994 2443 2152 2483 vitales;
2199 2449 2237 2476 et
2262 2452 2343 2486 quoe

422 2507 479 2541 hae
493 2506 829 2549 intelligerentur?
855 2505 932 2548 sed,
953 2505 1163 2540 habeantne
1188 2514 1377 2538 accessum
1405 2501 1451 2535 ad
1477 2512 1572 2541 eam,
1597 2512 1678 2545 quae
1705 2504 1787 2535 vitae
1810 2502 1943 2536 infesta
1970 2511 2069 2544 sunt,
2095 2512 2226 2536 necne.
2248 2501 2343 2534 For-

423 2566 567 2611 bigen-
594 2573 737 2599 retenu
761 2575 846 2599 cum
870 2563 1122 2599 Wakefieldio
1150 2562 1335 2598 librorum
1360 2563 1564 2606 scriptura,
1605 2559 1767 2597 conferri
1792 2557 1897 2597 iubet
1926 2569 2057 2604 testes,
2098 2572 2184 2597 sane
2208 2572 2343 2605 super-

422 2627 533 2670 fluos,
558 2630 625 2671 qui
650 2626 848 2660 ostendant
872 2624 999 2658 Latine
1028 2626 1102 2659 dici
1123 2625 1267 2657 munire
1293 2622 1342 2655 ab
1365 2622 1495 2667 aliqua
1523 2633 1573 2660 re,
1595 2631 1641 2654 nc
1665 2622 1703 2654 id
1730 2622 1881 2665 quidem
1906 2625 2085 2667 cogitans,
2111 2621 2196 2655 illos
2217 2626 2342 2653 osten-

422 2687 533 2729 dere,
557 2686 631 2721 hoc
657 2685 732 2720 dici
757 2696 826 2731 pro
852 2695 920 2726 eo,
948 2684 1050 2729 quod
1075 2692 1131 2719 est
1156 2690 1286 2718 contra
1311 2681 1476 2728 aliquam
1500 2694 1595 2722 rem,
1623 2682 1724 2726 quod
1760 2686 1919 2726 pertinet
1942 2683 1986 2716 ad
2013 2681 2184 2716 Lambini
2207 2681 2343 2713 lectio-

425 2759 532 2787 nem3
558 2749 632 2791 ipsi
656 2746 795 2782 citandi
820 2752 935 2785 erant,
960 2747 1025 2788 qui
1052 2743 1307 2784 ostenderent,
1326 2741 1504 2776 munitum
1529 2752 1552 2773 a
1569 2742 1666 2775 vallo
1692 2742 1766 2777 dici
1795 2753 1863 2788 pro
1881 2753 1939 2786 eo,
1963 2742 2065 2788 quod
2083 2747 2149 2784 est,
2163 2740 2340 2774 munitum

428 2808 526 2843 vallo
539 2822 552 2848 ;
579 2800 620 2842 ἑο
644 2817 733 2842 sane
755 2817 831 2841 non
856 2809 937 2841 sinc
963 2815 1072 2840 causa
1096 2811 1209 2839 testes
1234 2804 1522 2847 :inquisivisseu
1547 2813 1668 2847 neque
1693 2806 1790 2838 euim
1814 2804 1927 2839 credo
1944 2803 2116 2852 Latinum
2139 2800 2182 2836 id
2204 2808 2295 2834 esse.
