2582 3105
2253 132 2285 179 5

246 265 541 314 subabsurde
577 268 789 322 erretur,
845 277 993 325 quum
1025 261 1140 311 olim
1165 261 1417 324 licentius,
1471 262 1558 310 sed
1590 261 1834 308 interdum
1868 276 1978 308 cum
2003 261 2160 326 aliqua
2189 266 2349 326 specie

247 369 374 403 verse
419 352 670 401 sententiae
709 359 961 402 erraretur.
1061 352 1228 416 Neque
1269 351 1722 413 reprehendendum
1759 356 1857 409 est,
1908 351 2193 410 scripturam
2231 368 2347 401 eor·-

245 450 438 504 ruptam
468 442 628 501 potius
659 442 852 502 servari,
885 456 1027 503 quam
1055 443 1361 487 temerariam
1392 439 1838 500 interpolationem,
1870 439 1998 499 quod
2030 439 2238 500 religiosi
2269 449 2344 488 est

244 530 422 588 critici,
484 529 570 575 sed
613 527 808 575 defendi
844 535 1073 591 tanquam
1119 517 1451 586 rectissimam,
1523 528 1651 589 quod
1693 533 1767 572 est
1796 525 1944 572 verba
1976 541 2067 586 pro
2099 529 2345 574 sententiis

244 617 589 678 amplectentis.
653 616 817 675 Quare
836 618 1025 676 saepius,
1058 630 1201 677 quam
1224 614 1461 667 volebam,
1491 629 1570 659 me
1602 614 1698 660 illae
1731 612 1906 659 scholae
1938 615 2346 675 interpretationis

243 720 385 754 causa
426 706 488 751 ad
529 705 717 751 criticas
750 704 1036 766 quaestiones
1069 702 1359 761 avocabant,
1427 702 1479 748 in
1513 701 1684 763 quibus
1720 701 1862 761 plane
1893 702 2133 762 intellexi,
2202 719 2349 765 quam

243 796 426 842 incerta
458 798 616 839 essent
657 792 821 838 critica
855 790 1068 836 subsidia
1099 789 1151 835 in
1181 788 1395 835 Lucretii
1426 788 1584 847 libris,
1634 803 1873 849 quamque
1904 788 2081 836 horum
2110 793 2345 851 scriptura

243 881 407 929 multis
438 880 555 926 locis
589 880 750 925 dubia.
814 876 893 924 Ex
933 877 1011 924 his
1055 876 1399 939 quaestionibus
1430 882 1547 923 nata
1576 882 1717 931 sunt,
1767 891 1874 936 quae
1906 876 1998 923 hac
2028 876 2191 925 oblata
2221 880 2347 933 scri-⁴

241 969 390 1016 bendi
427 966 677 1014 occasione
707 965 776 1011 ita
813 963 1034 1025 proferre
1065 964 1291 1012 constitui
1318 964 1380 1011 de
1412 963 1602 1010 duobus
1634 964 1844 1010 maxime
1871 962 2088 1011 Lucretii
2111 964 2255 1026 locis,
2286 973 2343 1014 ut

241 1055 385 1105 simul
429 1055 492 1103 ad
542 1054 761 1101 codicum
802 1051 1204 1104 Lucretianorum
1254 1052 1526 1101 universam
1580 1051 1908 1100 condicionem
1959 1054 2344 1115 perspiciendam

239 1146 525 1207 pertineant.
1099 1151 1102 1153 ’

415 1232 451 1280 L
484 1232 537 1278 C.
569 1229 778 1279 Orellius
811 1237 923 1278 ante
956 1231 1138 1293 aliquot
1181 1244 1332 1278 annos
1372 1230 1585 1292 scripsit,
1653 1245 1818 1277 omnes
1856 1229 2074 1278 Lucretii
2115 1232 2339 1280 carminis

242 1323 427 1369 codices
461 1321 601 1368 nobis
632 1326 796 1380 notos,
828 1318 1035 1366 fortasse
1064 1335 1164 1367 uno
1196 1326 1399 1380 excepto
1432 1319 1790 1380 Gottorpiensi,
1836 1321 1919 1382 qui
1945 1327 2130 1368 tantum
2159 1320 2338 1367 librum

239 1411 450 1471 primum
484 1414 533 1453 et
564 1415 752 1469 partem
784 1408 981 1454 secundi
1014 1409 1228 1454 continet
1256 1421 1347 1454 nec
1381 1408 1497 1454 safis
1525 1413 1746 1453 accurate
1776 1406 1974 1455 collatus
2004 1414 2102 1469 est,
2143 1422 2208 1455 ex
2239 1423 2338 1455 uno

240 1497 398 1559 aliquo
429 1498 594 1543 codice
628 1497 890 1555 descriptos
925 1509 1029 1541 esse
1059 1496 1152 1540 sibi
1182 1496 1334 1541 videri
1351 1494 1413 1557 ¹).
1510 1493 1718 1540 Difficile
1765 1502 1839 1541 est
1880 1497 1942 1541 de
1981 1496 2059 1541 his
2095 1497 2337 1543 codicibus

239 1587 476 1632 rationem
508 1584 733 1642 reddere,
765 1583 894 1644 quod
927 1597 991 1628 ne
1024 1581 1369 1642 Lugdunenses
1401 1581 1619 1643 quidem,
1650 1588 1761 1642 post
1791 1582 2182 1644 Gottorpiensem
2208 1585 2341 1644 opti-

238 1689 366 1732 mos,
413 1672 791 1732 Havercampius
842 1670 1096 1732 diligenter
1127 1670 1373 1729 adhibuit,
1435 1669 1700 1717 Lambinus
1735 1662 1897 1718 autem
1930 1673 1991 1718 de
2023 1674 2122 1719 suis
2154 1674 2337 1720 codici-—

238 1761 329 1809 bus
361 1777 452 1822 pro
483 1760 611 1807 illius
643 1761 800 1807 aetatis
833 1774 969 1806 more
1008 1774 1180 1820 parum
1225 1765 1445 1807 scemate
1486 1759 1709 1817 tradidit,
1776 1760 1837 1807 de
1877 1763 2179 1821 superiorum
2220 1777 2335 1809 vero

240 1851 478 1897 editorum
509 1849 752 1894 codicibus
784 1848 932 1906 plane
966 1847 1087 1893 nihil
1119 1853 1321 1892 constet.
1420 1846 1516 1891 Sed
1550 1852 1713 1892 tamen
1754 1849 1807 1893 in
1848 1847 1965 1894 locis
2000 1851 2237 1909 corruptis
2269 1851 2339 1896 ita

238 1938 512 1997 conspirant
543 1942 594 1981 et
625 1935 899 1994 conspirant
925 1935 977 1980 in
1009 1935 1067 1979 iis
1096 1933 1308 1988 mendis,
1342 1948 1450 1994 quae
1482 1940 1670 1980 tantum
1700 1949 1764 1979 ex
1796 1938 2065 1983 communis
2087 1937 2335 1998 archetypi

238 2027 475 2083 scriptura
504 2030 588 2070 aut
617 2024 678 2069 ad
703 2021 959 2082 legendum
992 2019 1171 2068 difficili
1197 2027 1282 2066 aut
1311 2022 1410 2067 iam
1445 2028 1673 2080 corrupta
1706 2029 1811 2069 orta
1841 2026 2002 2082 putari
2033 2027 2235 2083 possint,
2276 2032 2331 2070 ut

237 2128 408 2161 verum
437 2110 557 2159 illud
593 2124 696 2157 esse
726 2108 933 2156 dubitari
958 2113 1192 2169 nequeat,
1251 2106 1479 2170 nullaque
1507 2109 1571 2155 sit
1603 2124 1744 2156 causa
1776 2108 2164 2169 Gottorpiensem
2198 2114 2335 2158 exci-

237 2201 424 2260 piendi,
457 2201 535 2245 cui
565 2214 627 2244 ex
657 2198 827 2244 ceteris
857 2198 1106 2257 proximus
1129 2175 1211 2243 'est
1243 2194 1577 2257 Lugdunensis
1608 2199 1674 2253 is,
1708 2199 1787 2257 qui
1815 2197 1862 2242 Z
1888 2196 2029 2243 litera
2063 2200 2191 2259 apud
2224 2200 2335 2245 Ha-

236 2288 560 2347 vercampium
580 2292 777 2334 notatur
791 2282 853 2348 ²).
892 2284 1077 2333 Verum
1097 2299 1159 2331 ex
1189 2285 1247 2330 iis
1280 2283 1535 2343 codicibus,
1565 2284 1647 2345 qui
1680 2283 1741 2329 ab
1772 2283 1857 2330 illo
1889 2287 2048 2346 primo
2077 2286 2212 2333 fonte
2241 2289 2332 2334 de-

415 2473 632 2517 „Proeterea
655 2470 737 2505 alia
761 2472 909 2519 insuper
933 2471 1136 2518 difficultas
1160 2468 1365 2505 rationibus
1387 2480 1509 2503 eorum
1532 2470 1756 2506 adversatur
1766 2472 1802 2504 ι’
1854 2471 1933 2516 vel,
1971 2473 2076 2517 „Hoc
2097 2473 2236 2519 etiam,
2260 2484 2330 2521 quo

410 2532 484 2568 sibi
508 2532 628 2566 minus
651 2537 818 2566 constare
843 2534 1065 2577 videantur,
1086 2532 1164 2567 illis
1181 2536 1304 2577 potest
1324 2529 1468 2564 obiici!

330 2625 363 2664 ι)
406 2621 453 2656 Ιιι
474 2621 598 2662 Iahnii
618 2620 830 2658 Annalibus
852 2621 993 2657 Philol.
1019 2633 1079 2657 111
1094 2646 1105 2664 ,
1130 2622 1164 2656 4.
1186 2631 1225 2666 p.
1248 2619 1294 2656 86
1318 2627 1396 2656 uot-

327 2714 366 2757 2)
411 2710 659 2757 Apertissime
682 2723 742 2747 res
765 2714 989 2758 perspicitur
1012 2722 1060 2747 ex
1084 2722 1197 2747 versu
1220 2710 1309 2747 libr.
1333 2712 1377 2757 1,
1400 2711 1489 2758 658,
1536 2715 1670 2759 quiin
1692 2713 1775 2752 cod.
1795 2712 1970 2761 Gottorp·
1999 2722 2039 2750 et
2060 2713 2181 2761 Lnga.
2205 2718 2251 2754 Ζ.
2274 2718 2329 2752 sic

408 2771 606 2808 scribitur:
630 2773 712 2817 Sed<
726 2774 814 2819 quia
835 2772 955 2809 multa
980 2772 1228 2808 tibicen-nunt
1250 2773 1464 2815 contraria,
1486 2785 1570 2817 mu,
1594 2777 1647 2810 ita
1671 2783 1713 2810 ut
1736 2781 1880 2820 pateat,
1904 2781 2109 2811 extremam
2131 2787 2264 2812 vocem
2287 2779 2330 2812 in

409 2832 615 2882 archetypo
638 2834 716 2881 legi
738 2844 817 2871 uou
844 2835 1032 2880 potuisse3
1075 2833 1163 2871 inde
1187 2836 1230 2871 iu
1254 2836 1389 2870 ceteris
1409 2833 1607 2872 codicibus
1628 2834 1769 2873 sactum
1793 2844 1852 2873 est
1872 2849 2011 2883 mm,
2044 2842 2256 2874 correctum
2277 2836 2326 2874 ab
