2582 3105
335 142 403 188 18

281 269 473 328 mune,
515 270 756 317 Petersen
766 301 783 324 ,
824 282 1028 315 examen
1054 262 1413 329 philologicum
1441 272 1492 312 et
1516 263 1919 328 philosophicum
1949 267 2020 315 ita
2052 264 2268 322 absolvi,
2310 272 2366 312 ut

273 350 510 404 laudatus
542 355 658 403 inde
693 355 1006 402 discederem.

277 440 280 444 ’
445 446 633 492 Postea
655 451 786 490 totus
804 442 857 488 in
880 458 936 487 eo
957 455 1111 497 eram,
1145 446 1201 486 ut
1222 446 1420 487 naturae
1432 441 1813 501 perscrutandae
1837 441 2005 487 studia
2028 453 2365 504 persequerer.

270 532 395 580 Cum
425 538 591 577 autem
619 537 771 591 pater
806 527 1105 587 carissimus,
1128 526 1322 586 futura
1348 527 1680 589 prospiciens,
1707 526 2061 589 persuaderet,
2094 536 2151 573 ut
2183 535 2369 573 certum

270 619 529 665 literarum
551 616 789 673 studium,
822 630 883 661 ex
920 631 1016 678 quo
1044 622 1226 677 postea
1259 613 1440 661 victum
1474 629 1710 677 quaerere
1735 631 1951 677 possem,
1984 614 2243 662 colendum
2275 614 2370 660 eli-

266 721 455 769 gerem,
496 704 599 749 arti
632 703 1030 765 Hippocraticae
1060 710 1218 747 totum
1252 718 1329 747 me
1363 703 1505 757 dedi,
1550 712 1599 748 et
1630 702 1824 749 scholas
1854 703 2075 750 virorum
2109 700 2368 748 celeberri-

268 807 462 840 morum
496 799 546 836 et
578 790 1111 852 experientissimorum
1147 789 1505 845 Schumacher,
1559 790 1811 850 Saxtorph
1820 822 1839 846 ,
1882 789 2158 844 Herholdt,
2203 790 2367 850 Bang,

267 879 499 936 Howitz,
534 877 797 925 Colsmann
807 908 825 931 ,
858 877 1057 937 Fenger
1066 907 1084 931 ,
1121 875 1402 930 Withusen,
1435 875 1663 931 Callisen,
1708 876 1854 931 Thal,
1885 892 2009 938 quos
2033 883 2368 937 praeceptores

262 967 351 1029 pio
371 965 539 1012 animo
559 978 755 1025 semper
779 962 957 1018 colam,
994 970 1182 1009 attente
1215 970 1263 1008 et
1297 962 1514 1008 studiose
1548 963 1733 1023 audivi,
1768 963 1909 1010 haud
1939 971 2104 1026 tamen
2134 961 2367 1024 neglectis

266 1053 445 1101 scholis
479 1051 735 1097 scientiam
768 1058 966 1095 naturae
998 1050 1207 1112 proprie
1240 1049 1600 1111 spectantibus,
1653 1050 1870 1097 Orstedii
1899 1050 2158 1122 nimirum,
2215 1048 2370 1110 Zeise,

265 1142 614 1197 Hornemann,
647 1137 871 1192 Schouw,
902 1137 1203 1193 Reinhardt,
1236 1138 1321 1199 qui
1354 1138 1475 1192 viri,
1505 1138 1690 1199 insigni
1725 1140 1951 1184 doctrina
1983 1147 2031 1184 et
2058 1139 2367 1184 humanitate

270 1227 460 1282 ornati,
520 1227 582 1272 de
613 1242 689 1271 me
720 1224 917 1286 egregie
950 1239 1185 1271 meruere.
1251 1224 1441 1270 Eodem
1473 1224 1624 1269 etiam
1654 1233 1873 1286 tempore
1904 1228 1976 1271 ad
2006 1226 2155 1272 lectos
2185 1241 2368 1286 aegro-

267 1324 455 1369 torum,
499 1313 653 1359 ductu
687 1310 1046 1371 Professorum
1090 1310 1621 1372 experientissimorum
1662 1311 1817 1367 Thal,
1866 1313 2154 1371 Withusen,
2197 1313 2367 1374 Bang,

264 1404 401 1465 ipsos
433 1400 627 1446 morbos
660 1414 952 1461 cognoscere
993 1406 1040 1443 et
1074 1413 1256 1443 sanare
1291 1398 1460 1443 studui
1466 1414 1489 1456 ,-
1544 1407 1594 1443 et
1623 1399 1667 1445 si
1700 1400 1785 1462 qui
1818 1401 1966 1445 morti
1998 1400 2367 1453 succubuerant,

266 1488 558 1535 sectionibus
590 1489 891 1532 cadaverum
923 1494 1143 1531 attentus
1176 1485 1414 1543 interfui,
1464 1494 1521 1530 ut
1553 1487 1805 1531 morbosas
1832 1488 2052 1547 corporis
2083 1486 2371 1548 affectiones

257 1590 491 1637 praesens
525 1573 848 1633 adspicerem.
916 1574 1223 1631 Frequenter
1253 1587 1445 1632 quoque
1480 1580 1586 1616 tum
1619 1572 1672 1617 in
1704 1573 1900 1618 theatro
1928 1573 2205 1618 anatomico
2239 1573 2365 1618 Uni-
2408 1619 2410 1622 ,

263 1658 532 1719 versitatis,
565 1666 671 1705 tum
703 1658 755 1705 in
791 1657 954 1719 Regia
988 1656 1332 1718 chirurgorum
1360 1656 1636 1705 Academia
1669 1661 1903 1706 sectiones
1935 1661 2234 1706 cadaverum
2269 1659 2368 1706 hu-

264 1761 526 1795 manorum
560 1745 668 1808 ipse
702 1744 906 1790 institui.
979 1743 1321 1801 Quadriennio
1348 1744 1419 1790 sic
1447 1745 1636 1806 elapso,
1669 1761 1766 1808 quo
1797 1754 2016 1808 tempore
2045 1746 2173 1792 inter
2199 1746 2366 1793 alum-

262 1852 352 1881 nos
385 1833 581 1893 collegii
621 1831 1142 1891 Walckendorphiani
1183 1838 1232 1874 et
1258 1839 1438 1890 postea
1472 1832 1666 1893 collegii
1701 1831 1910 1879 Medicei
1942 1841 2167 1893 receptus
2211 1848 2365 1893 eram,

261 1936 469 1968 examen
501 1918 1075 1978 medico-chirurgicum
1104 1925 1154 1962 et
1188 1918 1794 1980 anatomico-practicum
1824 1919 1877 1964 in
1905 1920 2070 1980 Regia
2105 1901 2366 1982 chirurgo-

259 2024 372 2054 rum
405 2004 683 2053 Academia
713 2018 847 2047 anno
883 2004 1270 2050 MDCCCXXV
1271 2005 1333 2050 II
1360 2004 1432 2049 ita
1465 2006 1680 2061 absolvi,
1721 2014 1778 2051 ut
1808 2006 1939 2052 inter
1964 2007 2160 2069 primae
2192 2006 2363 2053 classis

262 2096 518 2154 chirurgos
571 2090 905 2149 adscriberer‚
971 2097 1019 2133 et
1062 2106 1195 2135 anno
1241 2091 1514 2153 insequenti
1556 2109 1761 2139 examen
1796 2095 2019 2141 medico-
2033 2094 2363 2155 chirurgicum

261 2184 541 2243 rigorosum
573 2179 625 2223 in
659 2178 797 2223 alma
830 2185 1004 2222 nostra
1043 2178 1374 2223 Universitate
1402 2180 1638 2233 sustinui,
1680 2196 1740 2225 ex
1773 2197 1868 2243 quo
1899 2181 2199 2231 Laudabili-⁹
2228 2197 2359 2228 una-

261 2270 383 2315 nimi
410 2280 667 2313 censorum
698 2281 932 2309 consensu
965 2265 1180 2309 discessi.

438 2354 580 2411 Quae
622 2368 735 2397 cum
773 2351 843 2395 sic
887 2352 1005 2397 mihi
1028 2351 1256 2410 feliciter
1288 2354 1658 2411 successissent,
1717 2355 1935 2401 animum
1968 2356 2217 2419 aciemque
2249 2372 2360 2402 om-

259 2460 372 2491 nem
404 2443 456 2487 in
486 2442 543 2485 id
571 2438 911 2493 intendebam,
958 2448 1012 2484 ut
1046 2443 1404 2487 accuratiorem
1438 2443 1711 2503 organismi
1738 2444 1941 2489 humani
1972 2445 2358 2507 animaliumque

260 2529 611 2593 cognitionem,
664 2543 765 2589 qua
805 2525 948 2572 nullu
993 2527 1187 2575 homine
1220 2530 1442 2593 dignior,
1492 2546 1846 2594 compararem.
1907 2534 2093 2595 -Itaque
2125 2548 2235 2579 cum
2259 2546 2360 2595 per

261 2626 473 2681 quatuor
503 2616 621 2678 jam
664 2630 823 2660 annos
868 2617 1145 2693 anatomiae¹
1178 2625 1228 2662 et
1262 2618 1599 2680 physiologiae
1628 2620 1792 2666 studio
1826 2628 1980 2665 totum
2002 2620 2124 2678 fere
2156 2636 2234 2666 me
2266 2620 2362 2665 de·

259 2708 414 2755 derim
423 2738 441 2760 ,
484 2703 625 2751 haud
656 2702 799 2749 omisi
829 2704 1086 2751 Facultati
1117 2707 1321 2752 medicoe
1360 2708 1707 2755 Universitatis
1740 2716 1924 2754 nostroe
1955 2709 2160 2755 subinde
2194 2704 2359 2770 speci-2

255 2794 401 2841 mina·
410 2793 550 2848 dare,
582 2807 610 2839 e
640 2789 817 2855 quibus
848 2791 1066 2855 perspici
1090 2785 1282 2856 possset,
1314 2793 1358 2842 si
1391 2795 1515 2859 quid
1544 2794 1596 2843 in
1622 2795 1684 2842 iis
1716 2794 1990 2859 disciplinis
2009 2794 2356 2858 profecissem.
