2582 3105
2228 153 2295 208 19

264 285 439 348 ‘Anno‘
466 285 596 333 enim
642 280 1065 345 MDCCCXXIX
1107 281 1223 328 duoe
1270 280 1322 328 in
1375 277 1701 328 Universitate
1744 287 1917 326 nostra
1947 280 2356 344 proponebantur

271 370 537 422 anatomici
568 368 849 432 argumenti
879 367 1189 431 quoestiones,
1221 368 1346 415 tales
1365 367 1529 428 feres.

336 461 388 524 1)
451 459 728 519 ”Quosnam
770 457 957 505 fructus
1002 472 1064 502 ex
1096 457 1497 520 disquisitionibus
1538 454 2166 518 anatomico-pathologicis
2210 458 2352 519 hujus

529 546 677 593 seculi
709 545 946 602 medicina
977 545 1186 603 practica
1218 541 1433 590 hausit?”
1463 570 1530 582 —-
1561 552 1612 589 et

335 631 389 697 2)
450 634 761 694 ”Exponatur
794 632 1035 679 anatomia
1069 638 1120 679 et
1148 631 1447 693 physiologia
1477 647 1647 678 renum
1681 632 2189 681 succenturiatorum.”

275 722 414 780 Quas
446 720 757 783 quaestiones
788 718 964 765 ambas
995 718 1184 765 solvere
1215 718 1408 773 studui,
1447 726 1497 764 et
1528 735 1585 763 eo
1618 705 1813 782 quidem
1841 735 2093 775 successu,
2125 729 2182 767 ut
2205 722 2356 783 prio—.-

271 809 344 855 ris
390 807 689 870 quaestionis
742 804 1059 868 explicationi
1094 806 1275 867 palma
1301 821 1353 851 ra
1395 806 1671 852 censoribus
1716 807 2084 867 assignaretur,
2148 809 2353 855 alterius

271 910 405 942 vero
427 894 690 955 explicatio
735 893 808 939 ad
830 891 1096 954 proemium
1124 892 1354 954 proxime
1392 893 1654 939 accessisse
1693 893 2009 939 iudicaretur.
2096 897 2354 943 Proeterea

270 982 426 1029 alium
475 997 665 1044 quoque
719 986 988 1027 tractatum
1037 979 1303 1027 anatomici
1346 978 1398 1030 &
1431 979 1764 1043 physiologici
1815 982 2095 1043 argumenti
2134 983 2351 1041 exaravi,

271 1069 357 1135 qui
386 1069 653 1131 inscriptus
686 1075 786 1115 est:

438 1158 647 1217 J‘Thymi
677 1160 740 1216 ssin
782 1157 977 1202 homine
1015 1162 1066 1201 et
1102 1170 1193 1216 per
1235 1157 1407 1202 seriem
1450 1156 1723 1203 animalium
1768 1159 2022 1218 descriptio
2055 1161 2349 1205 anatomico-

523 1244 889 1304 physiologica,'’

265 1329 403 1380 cuius
436 1330 660 1394 priorem
691 1330 1000 1392 particulam
1034 1345 1139 1394 pro·
1172 1329 1402 1378 Licentia
1445 1347 1659 1377 summos
1691 1331 1744 1378 in
1775 1339 1884 1378 arte
1917 1332 2109 1378 medica
2140 1333 2350 1390 honores

258 1426 441 1483 postea
472 1418 762 1481 capessendi
790 1418 870 1465 die
898 1417 992 1465 IV
1016 1433 1079 1464 m.
1099 1419 1279 1466 Martii
1301 1419 1425 1464 anni
1455 1417 1876 1467 MDCCCXXXI
1892 1420 2096 1482 publice
2128 1419 2349 1479 defendi,

260 1506 586 1568 posteriorem
605 1521 721 1552 vero
741 1507 821 1551 die
846 1506 990 1553 VIII
1008 1521 1071 1551 m.
1096 1506 1277 1552 Martii
1306 1505 1459 1568 hujus
1491 1506 1614 1550 anni
1635 1521 1734 1566 pro
1753 1507 1877 1567 ipsis
1910 1506 2113 1552 summis
2144 1507 2348 1553 honori-

265 1592 357 1641 bus
394 1594 491 1639 rite
532 1594 859 1654 impetrandis
884 1593 1082 1654 publico
1115 1594 1421 1637 eruditorum
1451 1593 1663 1637 examini
1692 1594 1893 1655 subjeci.

444 1681 608 1737 Quum
634 1681 863 1740 proximo
890 1696 1024 1726 anno
1045 1695 1145 1741 per
1177 1680 1392 1740 Regium
1423 1680 1636 1725 edictum
1668 1667 1949 1726 nuntiatum
1984 1690 2109 1726 esset
2118 1714 2137 1737 ,
2170 1698 2346 1728 munus

260 1765 456 1816 lectoris
496 1766 921 1829 pharmacologiae
963 1767 1017 1813 in
1072 1765 1401 1813 Universitate
1447 1775 1620 1813 nostra
1660 1767 1900 1814 traditum
1942 1767 2008 1813 iri
2043 1768 2110 1828 ei,
2172 1769 2255 1830 qui
2293 1770 2347 1816 in

261 1854 526 1912 certamine
558 1854 805 1909 literario‚
836 1855 967 1899 hunc
998 1853 1051 1898 in
1074 1852 1234 1912 finem
1266 1854 1577 1912 instituendo,
1604 1854 1833 1914 palmam
1858 1869 1975 1915 proe
2006 1855 2179 1901 ceteris
2211 1872 2347 1902 com-

256 1927 551 2007 petitoribus
577 1947 908 2002 reportasset,
934 1940 986 1986 in
1015 1938 1143 1984 illud
1173 1946 1418 1985 certamen
1443 1938 1608 1986 venire
1636 1955 1789 1986 ausus
1821 1955 1946 1996 sum,
1978 1956 2189 2002 sperans
2210 1941 2347 2001 sore,

264 2037 321 2079 ut
350 2029 545 2077 etiamsi
574 2028 704 2074 inter
735 2027 1073 2090 competitores
1103 2026 1235 2073 alius
1280 2042 1357 2073 me
1394 2026 1592 2088 dignior
1615 2026 1845 2088 palmam
1865 2025 2010 2086 forte
2034 2029 2347 2089 proeriperet,

260 2118 335 2165 ita
359 2124 524 2164 tamen
558 2115 882 2171 discederem,
921 2122 979 2161 ut
1004 2121 1232 2176 pateret,
1285 2129 1346 2160 ea
1379 2113 1641 2173 beneficia,
1691 2129 1818 2175 quae
1845 2113 1967 2159 mihi
1997 2122 2156 2161 artem
2187 2118 2346 2162 medi-

263 2220 372 2253 cam
414 2204 621 2250 discenti
653 2203 838 2249 tributa
876 2209 1047 2258 erant,
1085 2202 1226 2247 haud
1256 2201 1451 2247 omnino
1484 2201 1720 2246 immerito
1754 2202 1878 2246 data
1908 2216 2028 2248 esse.
2128 2204 2230 2250 Sed
2260 2219 2347 2250 nec

264 2291 381 2340 mihi
411 2306 500 2337 nec
526 2291 618 2336 ulii
651 2306 677 2335 e
711 2289 867 2335 tribus
894 2288 1288 2350 competitoribus
1320 2287 1522 2348 contigit
1545 2286 1738 2347 palma.

437 2377 540 2425 His
570 2377 643 2423 ita
671 2378 918 2440 peractis,
971 2376 1104 2423 omni
1138 2374 1292 2421 animi
1327 2374 1514 2435 impetu
1528 2387 1531 2390 ·
1547 2373 1599 2418 in
1629 2374 1685 2419 id
1714 2374 1963 2430 incumbo,
2007 2383 2065 2422 ut
2099 2377 2151 2422 in
2185 2386 2346 2426 terras

264 2468 498 2527 Europae
545 2464 759 2510 scientiis
811 2464 1142 2525 institutisque
1181 2461 1413 2507 literariis
1455 2460 1666 2506 maxime
1706 2461 1950 2522 florentes
1997 2465 2345 2526 peregrinans,

267 2569 426 2604 meam
468 2567 633 2599 rerum
665 2553 966 2599 medicamm
1000 2551 1321 2614 cognitionem
1351 2564 1590 2611 augeam,
1638 2565 1809 2596 earum
1833 2550 2090 2612 proecipue
2124 2552 2349 2615 discipli-

264 2656 443 2689 narum
453 2672 471 2696 ,
508 2655 635 2702 quae
665 2641 807 2703 apud
836 2621 926 2686 nos
959 2641 1123 2685 minus
1153 2637 1368 2683 studiose
1392 2636 1689 2700 plerumque
1718 2636 1969 2693 coluntur,
2001 2638 2185 2701 quippe
2219 2656 2347 2703 quae

176 2789 181 2794 .
262 2731 391 2781 inter
429 2745 514 2775 eas
556 2744 656 2773 non
698 2736 1043 2788 numerentur,
1102 2741 1316 2789 quarum
1365 2714 1577 2787 cognitio
1628 2725 1856 2772 absoluta
1903 2728 2170 2772 secundum
2211 2729 2343 2789 leges

265 2824 479 2870 statutas
511 2814 575 2862 ab
608 2814 670 2862 iis
713 2816 1003 2880 requiritur,
1069 2814 1154 2880 qui
1185 2812 1399 2864 examini
1410 2811 1620 2861 ’medico
1651 2811 1731 2863 vel
1760 2811 2022 2877 chrurgico
2047 2829 2152 2862 sese
2184 2815 2347 2880 subja,
