<?xml version="1.0" encoding="UTF-8"?>
<!DOCTYPE html PUBLIC "-//W3C//DTD XHTML 1.0 Transitional//EN"
    "http://www.w3.org/TR/xhtml1/DTD/xhtml1-transitional.dtd">
<html xmlns="http://www.w3.org/1999/xhtml" xml:lang="en" lang="en">
 <head>
  <title>
</title>
<meta http-equiv="Content-Type" content="text/html;charset=utf-8" />
  <meta name='ocr-system' content='tesseract 3.04.00' />
  <meta name='ocr-capabilities' content='ocr_page ocr_carea ocr_par ocr_line ocrx_word'/>
</head>
<body>
  <div class='ocr_page' id='page_1' title='image "4625150_0010.png"; bbox 0 0 2582 3105; ppageno 0'>
   <div class='ocr_carea' id='block_1_1' title="bbox 208 605 2336 2546">
    <p class='ocr_par' dir='ltr' id='par_1_1' title="bbox 208 605 2336 2546">
     <span class='ocr_line' id='line_1_1' title="bbox 219 605 2319 714; baseline -0.003 -24"><span class='ocrx_word' id='word_1_1' title='bbox 219 605 549 691; x_wconf 83' lang='lat' dir='ltr'><strong>Enarrabam</strong></span> <span class='ocrx_word' id='word_1_2' title='bbox 594 647 813 706; x_wconf 85' lang='lat' dir='ltr'><strong>proxima</strong></span> <span class='ocrx_word' id='word_1_3' title='bbox 856 644 1017 689; x_wconf 89' lang='lat' dir='ltr'><strong>hieme</strong></span> <span class='ocrx_word' id='word_1_4' title='bbox 1065 642 1238 689; x_wconf 88' lang='lat' dir='ltr'><strong>scholis</strong></span> <span class='ocrx_word' id='word_1_5' title='bbox 1282 643 1563 688; x_wconf 84' lang='lat' dir='ltr'><strong>academicis</strong></span> <span class='ocrx_word' id='word_1_6' title='bbox 1607 650 1792 701; x_wconf 86' lang='lat' dir='ltr'><strong>partem</strong></span> <span class='ocrx_word' id='word_1_7' title='bbox 1838 641 2053 689; x_wconf 88' lang='lat' dir='ltr'><strong>Lucretii</strong></span> <span class='ocrx_word' id='word_1_8' title='bbox 2096 640 2319 714; x_wconf 79' lang='lat' dir='ltr'><strong>carminis</strong></span> 
     </span>
     <span class='ocr_line' id='line_1_2' title="bbox 219 730 2319 790; baseline -0.002 -12"><span class='ocrx_word' id='word_1_9' title='bbox 219 734 281 777; x_wconf 90' lang='lat' dir='ltr'><strong>de</strong></span> <span class='ocrx_word' id='word_1_10' title='bbox 320 748 482 778; x_wconf 91' lang='lat' dir='ltr'><strong>rerum</strong></span> <span class='ocrx_word' id='word_1_11' title='bbox 523 740 709 778; x_wconf 83' lang='lat' dir='ltr'><strong>natura.</strong></span> <span class='ocrx_word' id='word_1_12' title='bbox 782 733 838 777; x_wconf 94' lang='lat' dir='ltr'><strong>In</strong></span> <span class='ocrx_word' id='word_1_13' title='bbox 883 747 941 776; x_wconf 89' lang='lat' dir='ltr'><strong>ea</strong></span> <span class='ocrx_word' id='word_1_14' title='bbox 971 733 1284 776; x_wconf 68' lang='lat' dir='ltr'><strong>‘enarratione</strong></span> <span class='ocrx_word' id='word_1_15' title='bbox 1326 745 1456 790; x_wconf 81' lang='lat' dir='ltr'><strong>saepe</strong></span> <span class='ocrx_word' id='word_1_16' title='bbox 1488 730 1715 775; x_wconf 83' lang='lat' dir='ltr'><strong>admirari</strong></span> <span class='ocrx_word' id='word_1_17' title='bbox 1747 730 1959 788; x_wconf 80' lang='lat' dir='ltr'><strong>subibat,</strong></span> <span class='ocrx_word' id='word_1_18' title='bbox 2022 736 2319 790; x_wconf 82' lang='lat' dir='ltr'>quantopere</span> 
     </span>
     <span class='ocr_line' id='line_1_3' title="bbox 218 817 2318 887; baseline -0.002 -22"><span class='ocrx_word' id='word_1_19' title='bbox 218 822 652 865; x_wconf 82' lang='lat' dir='ltr'><strong>recentissimomm</strong></span> <span class='ocrx_word' id='word_1_20' title='bbox 685 819 828 863; x_wconf 92' lang='lat' dir='ltr'><strong>huius</strong></span> <span class='ocrx_word' id='word_1_21' title='bbox 858 820 1016 878; x_wconf 87' lang='lat' dir='ltr'><strong>operis</strong></span> <span class='ocrx_word' id='word_1_22' title='bbox 1035 819 1286 865; x_wconf 47' lang='lat' dir='ltr'><strong>&gt;editorum</strong></span> <span class='ocrx_word' id='word_1_23' title='bbox 1318 824 1370 864; x_wconf 88' lang='lat' dir='ltr'><strong>et</strong></span> <span class='ocrx_word' id='word_1_24' title='bbox 1401 818 1718 877; x_wconf 82' lang='lat' dir='ltr'><strong>interpretum</strong></span> <span class='ocrx_word' id='word_1_25' title='bbox 1751 831 1911 877; x_wconf 85' lang='lat' dir='ltr'><strong>operae</strong></span> <span class='ocrx_word' id='word_1_26' title='bbox 1942 817 1995 863; x_wconf 88' lang='lat' dir='ltr'><strong>in</strong></span> <span class='ocrx_word' id='word_1_27' title='bbox 2025 817 2170 863; x_wconf 81' lang='lat' dir='ltr'><strong>rebus</strong></span> <span class='ocrx_word' id='word_1_28' title='bbox 2202 826 2318 887; x_wconf 84' lang='lat' dir='ltr'><strong>sen-</strong></span> 
     </span>
     <span class='ocr_line' id='line_1_4' title="bbox 218 901 2320 967; baseline -0.002 -16"><span class='ocrx_word' id='word_1_29' title='bbox 218 908 476 967; x_wconf 85' lang='lat' dir='ltr'><strong>tentiisque</strong></span> <span class='ocrx_word' id='word_1_30' title='bbox 527 906 820 965; x_wconf 83' lang='lat' dir='ltr'><strong>explicandis</strong></span> <span class='ocrx_word' id='word_1_31' title='bbox 875 911 1127 965; x_wconf 79' lang='lat' dir='ltr'><strong>praestaret</strong></span> <span class='ocrx_word' id='word_1_32' title='bbox 1180 922 1281 952; x_wconf 89' lang='lat' dir='ltr'><strong>non</strong></span> <span class='ocrx_word' id='word_1_33' title='bbox 1328 905 1488 951; x_wconf 86' lang='lat' dir='ltr'><strong>solum</strong></span> <span class='ocrx_word' id='word_1_34' title='bbox 1533 904 1756 965; x_wconf 80' lang='lat' dir='ltr'><strong>Dionysii</strong></span> <span class='ocrx_word' id='word_1_35' title='bbox 1811 903 2036 953; x_wconf 79' lang='lat' dir='ltr'><strong>Lambini</strong></span> <span class='ocrx_word' id='word_1_36' title='bbox 2084 901 2320 950; x_wconf 76' lang='lat' dir='ltr'><strong>industria</strong></span> 
     </span>
     <span class='ocr_line' id='line_1_5' title="bbox 218 983 2321 1054; baseline -0.002 -16"><span class='ocrx_word' id='word_1_37' title='bbox 218 1001 269 1039; x_wconf 92' lang='lat' dir='ltr'><strong>et</strong></span> <span class='ocrx_word' id='word_1_38' title='bbox 307 994 548 1054; x_wconf 86' lang='lat' dir='ltr'><strong>doctrina,</strong></span> <span class='ocrx_word' id='word_1_39' title='bbox 594 993 681 1038; x_wconf 90' lang='lat' dir='ltr'><strong>sed</strong></span> <span class='ocrx_word' id='word_1_40' title='bbox 720 996 869 1040; x_wconf 87' lang='lat' dir='ltr'><strong>etiam</strong></span> <span class='ocrx_word' id='word_1_41' title='bbox 900 993 995 1039; x_wconf 75' lang='lat' dir='ltr'><strong>Th.</strong></span> <span class='ocrx_word' id='word_1_42' title='bbox 1030 992 1264 1052; x_wconf 91' lang='lat' dir='ltr'><strong>Creechii,</strong></span> <span class='ocrx_word' id='word_1_43' title='bbox 1307 983 1398 1042; x_wconf 67' lang='lat' dir='ltr'><strong>v&#39;iri</strong></span> <span class='ocrx_word' id='word_1_44' title='bbox 1430 991 1641 1054; x_wconf 89' lang='lat' dir='ltr'><strong>alioquin</strong></span> <span class='ocrx_word' id='word_1_45' title='bbox 1674 1008 1790 1045; x_wconf 68' lang='lat' dir='ltr'><strong>non,</strong></span> <span class='ocrx_word' id='word_1_46' title='bbox 1804 991 2104 1039; x_wconf 78' lang='lat' dir='ltr'><strong>subtilissimi</strong></span> <span class='ocrx_word' id='word_1_47' title='bbox 2138 989 2321 1051; x_wconf 84' lang='lat' dir='ltr'><strong>ingenii</strong></span> 
     </span>
     <span class='ocr_line' id='line_1_6' title="bbox 219 1069 2320 1142; baseline -0.001 -17"><span class='ocrx_word' id='word_1_48' title='bbox 219 1095 309 1125; x_wconf 86' lang='lat' dir='ltr'><strong>nec</strong></span> <span class='ocrx_word' id='word_1_49' title='bbox 341 1096 527 1141; x_wconf 85' lang='lat' dir='ltr'><strong>magnae</strong></span> <span class='ocrx_word' id='word_1_50' title='bbox 560 1069 865 1141; x_wconf 86' lang='lat' dir='ltr'><strong>eruditionis,</strong></span> <span class='ocrx_word' id='word_1_51' title='bbox 912 1082 986 1127; x_wconf 69' lang='lat' dir='ltr'><strong>*in</strong></span> <span class='ocrx_word' id='word_1_52' title='bbox 1016 1082 1347 1142; x_wconf 82' lang='lat' dir='ltr'><strong>disputationis</strong></span> <span class='ocrx_word' id='word_1_53' title='bbox 1373 1082 1552 1131; x_wconf 91' lang='lat' dir='ltr'><strong>ordine</strong></span> <span class='ocrx_word' id='word_1_54' title='bbox 1578 1080 1908 1142; x_wconf 90' lang='lat' dir='ltr'><strong>persequendo</strong></span> <span class='ocrx_word' id='word_1_55' title='bbox 1940 1085 2162 1125; x_wconf 85' lang='lat' dir='ltr'><strong>accurata</strong></span> <span class='ocrx_word' id='word_1_56' title='bbox 2204 1075 2320 1123; x_wconf 92' lang='lat' dir='ltr'><strong>dili-</strong></span> 
     </span>
     <span class='ocr_line' id='line_1_7' title="bbox 219 1147 2319 1230; baseline -0.002 -16"><span class='ocrx_word' id='word_1_57' title='bbox 219 1156 379 1228; x_wconf 79' lang='lat' dir='ltr'><strong>gentia</strong></span> <span class='ocrx_word' id='word_1_58' title='bbox 393 1201 407 1226; x_wconf 90' lang='lat'>‚</span> <span class='ocrx_word' id='word_1_59' title='bbox 438 1183 677 1229; x_wconf 90' lang='lat' dir='ltr'><strong>quamque</strong></span> <span class='ocrx_word' id='word_1_60' title='bbox 707 1166 829 1215; x_wconf 87' lang='lat' dir='ltr'><strong>falso</strong></span> <span class='ocrx_word' id='word_1_61' title='bbox 858 1167 999 1230; x_wconf 79' lang='lat' dir='ltr'><strong>vulgo</strong></span> <span class='ocrx_word' id='word_1_62' title='bbox 1032 1176 1091 1215; x_wconf 12' lang='lat' dir='ltr'><strong>eti</strong></span> <span class='ocrx_word' id='word_1_63' title='bbox 1108 1169 1170 1214; x_wconf 91' lang='lat' dir='ltr'><strong>ab</strong></span> <span class='ocrx_word' id='word_1_64' title='bbox 1202 1169 1465 1216; x_wconf 83' lang='lat' dir='ltr'><strong>editoribus</strong></span> <span class='ocrx_word' id='word_1_65' title='bbox 1483 1174 1547 1214; x_wconf 39' lang='lat' dir='ltr'><strong>*et</strong></span> <span class='ocrx_word' id='word_1_66' title='bbox 1577 1147 1639 1215; x_wconf 89' lang='lat' dir='ltr'><strong>ab</strong></span> <span class='ocrx_word' id='word_1_67' title='bbox 1671 1167 1777 1215; x_wconf 86' lang='lat' dir='ltr'><strong>aliis</strong></span> <span class='ocrx_word' id='word_1_68' title='bbox 1807 1168 2112 1220; x_wconf 85' lang='lat' dir='ltr'><strong>crederetur,</strong></span> <span class='ocrx_word' id='word_1_69' title='bbox 2143 1179 2319 1211; x_wconf 89' lang='lat' dir='ltr'><strong>recen-</strong></span> 
     </span>
     <span class='ocr_line' id='line_1_8' title="bbox 221 1253 2320 1319; baseline -0.001 -17"><span class='ocrx_word' id='word_1_70' title='bbox 221 1256 408 1302; x_wconf 88' lang='lat' dir='ltr'><strong>tissimo</strong></span> <span class='ocrx_word' id='word_1_71' title='bbox 441 1261 657 1315; x_wconf 88' lang='lat' dir='ltr'><strong>tempore</strong></span> <span class='ocrx_word' id='word_1_72' title='bbox 689 1256 741 1302; x_wconf 89' lang='lat' dir='ltr'><strong>in</strong></span> <span class='ocrx_word' id='word_1_73' title='bbox 771 1256 1082 1302; x_wconf 84' lang='lat' dir='ltr'><strong>emendandis</strong></span> <span class='ocrx_word' id='word_1_74' title='bbox 1112 1262 1180 1303; x_wconf 85' lang='lat' dir='ltr'><strong>et·</strong></span> <span class='ocrx_word' id='word_1_75' title='bbox 1195 1257 1257 1303; x_wconf 91' lang='lat' dir='ltr'><strong>ad</strong></span> <span class='ocrx_word' id='word_1_76' title='bbox 1290 1258 1613 1319; x_wconf 88' lang='lat' dir='ltr'><strong>integritatem</strong></span> <span class='ocrx_word' id='word_1_77' title='bbox 1645 1256 1926 1302; x_wconf 85' lang='lat' dir='ltr'><strong>revocandis</strong></span> <span class='ocrx_word' id='word_1_78' title='bbox 1957 1253 2174 1300; x_wconf 86' lang='lat' dir='ltr'><strong>Lucretii</strong></span> <span class='ocrx_word' id='word_1_79' title='bbox 2204 1267 2320 1300; x_wconf 87' lang='lat' dir='ltr'><strong>ver-</strong></span> 
     </span>
     <span class='ocr_line' id='line_1_9' title="bbox 217 1330 2317 1406; baseline -0.002 -17"><span class='ocrx_word' id='word_1_80' title='bbox 217 1342 293 1390; x_wconf 87' lang='lat' dir='ltr'><strong>bis</strong></span> <span class='ocrx_word' id='word_1_81' title='bbox 325 1341 619 1402; x_wconf 89' lang='lat' dir='ltr'><strong>permultum</strong></span> <span class='ocrx_word' id='word_1_82' title='bbox 651 1341 921 1403; x_wconf 86' lang='lat' dir='ltr'><strong>profectum</strong></span> <span class='ocrx_word' id='word_1_83' title='bbox 951 1330 1102 1404; x_wconf 40' lang='lat' dir='ltr'><strong>esse,</strong></span> <span class='ocrx_word' id='word_1_84' title='bbox 1123 1344 1424 1406; x_wconf 84' lang='lat' dir='ltr'><strong>maxime&#39;G.</strong></span> <span class='ocrx_word' id='word_1_85' title='bbox 1458 1342 1766 1391; x_wconf 85' lang='lat' dir='ltr'><strong>Wakefieldii</strong></span> <span class='ocrx_word' id='word_1_86' title='bbox 1795 1344 1966 1390; x_wconf 88' lang='lat' dir='ltr'><strong>studiis</strong></span> <span class='ocrx_word' id='word_1_87' title='bbox 1985 1340 2041 1404; x_wconf 82' lang='lat'><strong>²).</strong></span> <span class='ocrx_word' id='word_1_88' title='bbox 2106 1341 2152 1386; x_wconf 91' lang='lat' dir='ltr'><strong>Is</strong></span> <span class='ocrx_word' id='word_1_89' title='bbox 2186 1342 2317 1386; x_wconf 86' lang='lat' dir='ltr'><strong>enim</strong></span> 
     </span>
     <span class='ocr_line' id='line_1_10' title="bbox 218 1430 2317 1490; baseline -0.001 -16"><span class='ocrx_word' id='word_1_90' title='bbox 218 1444 366 1490; x_wconf 88' lang='lat' dir='ltr'><strong>quum</strong></span> <span class='ocrx_word' id='word_1_91' title='bbox 420 1431 475 1475; x_wconf 90' lang='lat' dir='ltr'><strong>in</strong></span> <span class='ocrx_word' id='word_1_92' title='bbox 524 1431 838 1490; x_wconf 83' lang='lat' dir='ltr'><strong>scriptoribus</strong></span> <span class='ocrx_word' id='word_1_93' title='bbox 880 1430 1063 1476; x_wconf 85' lang='lat' dir='ltr'><strong>Graecis</strong></span> <span class='ocrx_word' id='word_1_94' title='bbox 1113 1433 1311 1478; x_wconf 86' lang='lat' dir='ltr'><strong>edendis</strong></span> <span class='ocrx_word' id='word_1_95' title='bbox 1362 1433 1662 1479; x_wconf 85' lang='lat' dir='ltr'><strong>coniectandi</strong></span> <span class='ocrx_word' id='word_1_96' title='bbox 1716 1432 1988 1476; x_wconf 80' lang='lat' dir='ltr'><strong>temeritate</strong></span> <span class='ocrx_word' id='word_1_97' title='bbox 2034 1436 2087 1474; x_wconf 85' lang='lat' dir='ltr'><strong>et:</strong></span> <span class='ocrx_word' id='word_1_98' title='bbox 2127 1430 2317 1474; x_wconf 82' lang='lat' dir='ltr'><strong>inscitia</strong></span> 
     </span>
     <span class='ocr_line' id='line_1_11' title="bbox 219 1516 2318 1586; baseline -0 -25"><span class='ocrx_word' id='word_1_99' title='bbox 219 1531 398 1562; x_wconf 91' lang='lat' dir='ltr'><strong>nomen</strong></span> <span class='ocrx_word' id='word_1_100' title='bbox 429 1530 568 1562; x_wconf 87' lang='lat' dir='ltr'><strong>suum</strong></span> <span class='ocrx_word' id='word_1_101' title='bbox 603 1517 730 1563; x_wconf 90' lang='lat' dir='ltr'><strong>inter</strong></span> <span class='ocrx_word' id='word_1_102' title='bbox 755 1517 1021 1579; x_wconf 84' lang='lat' dir='ltr'><strong>philologos</strong></span> <span class='ocrx_word' id='word_1_103' title='bbox 1051 1518 1357 1575; x_wconf 80' lang='lat' dir='ltr'><strong>infamasset,</strong></span> <span class='ocrx_word' id='word_1_104' title='bbox 1373 1522 1438 1573; x_wconf 15' lang='lat' dir='ltr'><strong>&gt;in</strong></span> <span class='ocrx_word' id='word_1_105' title='bbox 1465 1519 1679 1586; x_wconf 68' lang='lat' dir='ltr'><strong>Lucretii</strong></span> <span class='ocrx_word' id='word_1_106' title='bbox 1711 1520 1926 1563; x_wconf 81' lang='lat' dir='ltr'><strong>carmine</strong></span> <span class='ocrx_word' id='word_1_107' title='bbox 1959 1517 2147 1562; x_wconf 90' lang='lat' dir='ltr'><strong>edendo</strong></span> <span class='ocrx_word' id='word_1_108' title='bbox 2175 1516 2318 1560; x_wconf 88' lang='lat' dir='ltr'><strong>codi-</strong></span> 
     </span>
     <span class='ocr_line' id='line_1_12' title="bbox 218 1583 2315 1665; baseline 0 -17"><span class='ocrx_word' id='word_1_109' title='bbox 218 1618 330 1649; x_wconf 90' lang='lat' dir='ltr'><strong>cum</strong></span> <span class='ocrx_word' id='word_1_110' title='bbox 370 1605 705 1650; x_wconf 84' lang='lat' dir='ltr'><strong>auctoritatem</strong></span> <span class='ocrx_word' id='word_1_111' title='bbox 746 1606 981 1652; x_wconf 86' lang='lat' dir='ltr'><strong>extollens</strong></span> <span class='ocrx_word' id='word_1_112' title='bbox 1027 1583 1080 1653; x_wconf 79' lang='lat' dir='ltr'><strong>et</strong></span> <span class='ocrx_word' id='word_1_113' title='bbox 1109 1609 1161 1653; x_wconf 92' lang='lat' dir='ltr'><strong>in</strong></span> <span class='ocrx_word' id='word_1_114' title='bbox 1193 1623 1362 1653; x_wconf 91' lang='lat' dir='ltr'><strong>eorum</strong></span> <span class='ocrx_word' id='word_1_115' title='bbox 1392 1608 1642 1653; x_wconf 86' lang='lat' dir='ltr'><strong>libidinem</strong></span> <span class='ocrx_word' id='word_1_116' title='bbox 1671 1608 1912 1664; x_wconf 81' lang='lat' dir='ltr'><strong>invectus,</strong></span> <span class='ocrx_word' id='word_1_117' title='bbox 1956 1604 2057 1665; x_wconf 60' lang='lat' dir='ltr'><strong>¹&#39;qui</strong></span> <span class='ocrx_word' id='word_1_118' title='bbox 2087 1619 2176 1662; x_wconf 89' lang='lat' dir='ltr'><strong>pro</strong></span> <span class='ocrx_word' id='word_1_119' title='bbox 2208 1590 2315 1648; x_wconf 86' lang='lat' dir='ltr'><strong>Lu-</strong></span> 
     </span>
     <span class='ocr_line' id='line_1_13' title="bbox 217 1691 2314 1754; baseline -0 -18"><span class='ocrx_word' id='word_1_120' title='bbox 217 1693 355 1736; x_wconf 85' lang='lat' dir='ltr'><strong>cretii</strong></span> <span class='ocrx_word' id='word_1_121' title='bbox 386 1692 543 1738; x_wconf 83' lang='lat' dir='ltr'><strong>verbis</strong></span> <span class='ocrx_word' id='word_1_122' title='bbox 574 1694 890 1739; x_wconf 81' lang='lat' dir='ltr'><strong>audacissime</strong></span> <span class='ocrx_word' id='word_1_123' title='bbox 919 1709 1008 1739; x_wconf 88' lang='lat' dir='ltr'><strong>sua</strong></span> <span class='ocrx_word' id='word_1_124' title='bbox 1041 1697 1414 1754; x_wconf 80' lang='lat' dir='ltr'><strong>supposuissent,</strong></span> <span class='ocrx_word' id='word_1_125' title='bbox 1440 1695 1601 1740; x_wconf 63' lang='lat' dir='ltr'><strong>&gt;fidem&#39;</strong></span> <span class='ocrx_word' id='word_1_126' title='bbox 1623 1696 1765 1740; x_wconf 86' lang='lat' dir='ltr'><strong>nimis</strong></span> <span class='ocrx_word' id='word_1_127' title='bbox 1797 1692 1939 1740; x_wconf 85' lang='lat' dir='ltr'><strong>facile</strong></span> <span class='ocrx_word' id='word_1_128' title='bbox 1970 1693 2153 1739; x_wconf 88' lang='lat' dir='ltr'><strong>invenit</strong></span> <span class='ocrx_word' id='word_1_129' title='bbox 2182 1691 2314 1750; x_wconf 82' lang='lat' dir='ltr'><strong>apud</strong></span> 
     </span>
     <span class='ocr_line' id='line_1_14' title="bbox 219 1776 2314 1840; baseline 0.001 -18"><span class='ocrx_word' id='word_1_130' title='bbox 219 1793 325 1837; x_wconf 88' lang='lat' dir='ltr'><strong>eos,</strong></span> <span class='ocrx_word' id='word_1_131' title='bbox 373 1781 454 1840; x_wconf 87' lang='lat' dir='ltr'><strong>qui</strong></span> <span class='ocrx_word' id='word_1_132' title='bbox 487 1782 539 1825; x_wconf 91' lang='lat' dir='ltr'><strong>in</strong></span> <span class='ocrx_word' id='word_1_133' title='bbox 578 1783 904 1840; x_wconf 87' lang='lat' dir='ltr'><strong>superioribus</strong></span> <span class='ocrx_word' id='word_1_134' title='bbox 933 1784 1222 1828; x_wconf 87' lang='lat' dir='ltr'><strong>editionibus</strong></span> <span class='ocrx_word' id='word_1_135' title='bbox 1253 1783 1417 1829; x_wconf 88' lang='lat' dir='ltr'><strong>multa·</strong></span> <span class='ocrx_word' id='word_1_136' title='bbox 1436 1784 1580 1829; x_wconf 88' lang='lat' dir='ltr'><strong>nimis</strong></span> <span class='ocrx_word' id='word_1_137' title='bbox 1613 1798 1731 1828; x_wconf 85' lang='lat' dir='ltr'><strong>sane</strong></span> <span class='ocrx_word' id='word_1_138' title='bbox 1764 1782 1992 1827; x_wconf 83' lang='lat' dir='ltr'><strong>audacter</strong></span> <span class='ocrx_word' id='word_1_139' title='bbox 2025 1776 2314 1838; x_wconf 84' lang='lat' dir='ltr'><strong>interpolata</strong></span> 
     </span>
     <span class='ocr_line' id='line_1_15' title="bbox 218 1865 2312 1931; baseline 0 -19"><span class='ocrx_word' id='word_1_140' title='bbox 218 1865 456 1913; x_wconf 83' lang='lat' dir='ltr'><strong>videbant.</strong></span> <span class='ocrx_word' id='word_1_141' title='bbox 519 1866 619 1912; x_wconf 89' lang='lat' dir='ltr'><strong>Sed</strong></span> <span class='ocrx_word' id='word_1_142' title='bbox 651 1867 995 1913; x_wconf 88' lang='lat' dir='ltr'><strong>Wakefieldius</strong></span> <span class='ocrx_word' id='word_1_143' title='bbox 1040 1868 1378 1931; x_wconf 76' lang='lat' dir='ltr'><strong>(praeterquam</strong></span> <span class='ocrx_word' id='word_1_144' title='bbox 1415 1870 1545 1931; x_wconf 91' lang='lat' dir='ltr'><strong>quod</strong></span> <span class='ocrx_word' id='word_1_145' title='bbox 1581 1871 1683 1928; x_wconf 90' lang='lat' dir='ltr'><strong>ipse</strong></span> <span class='ocrx_word' id='word_1_146' title='bbox 1706 1869 1903 1914; x_wconf 76' lang='lat' dir='ltr'><strong>codices</strong></span> <span class='ocrx_word' id='word_1_147' title='bbox 1947 1865 2170 1913; x_wconf 88' lang='lat' dir='ltr'><strong>meliores</strong></span> <span class='ocrx_word' id='word_1_148' title='bbox 2212 1880 2312 1913; x_wconf 90' lang='lat' dir='ltr'><strong>non</strong></span> 
     </span>
     <span class='ocr_line' id='line_1_16' title="bbox 219 1944 2322 2027; baseline 0 -29"><span class='ocrx_word' id='word_1_149' title='bbox 219 1952 440 1999; x_wconf 86' lang='lat' dir='ltr'><strong>adhibuit</strong></span> <span class='ocrx_word' id='word_1_150' title='bbox 458 1960 509 1999; x_wconf 88' lang='lat' dir='ltr'><strong>et</strong></span> <span class='ocrx_word' id='word_1_151' title='bbox 528 1954 770 1999; x_wconf 88' lang='lat' dir='ltr'><strong>codicibus</strong></span> <span class='ocrx_word' id='word_1_152' title='bbox 794 1955 1095 2016; x_wconf 86' lang='lat' dir='ltr'><strong>antiquisque</strong></span> <span class='ocrx_word' id='word_1_153' title='bbox 1119 1956 1410 2027; x_wconf 75' lang='lat' dir='ltr'><strong>editionibus</strong></span> <span class='ocrx_word' id='word_1_154' title='bbox 1432 1944 1616 2017; x_wconf 50' lang='lat' dir='ltr'><strong>&#39;parum‘</strong></span> <span class='ocrx_word' id='word_1_155' title='bbox 1635 1956 1891 2017; x_wconf 83' lang='lat' dir='ltr'><strong>diligenter</strong></span> <span class='ocrx_word' id='word_1_156' title='bbox 1922 1968 2037 2001; x_wconf 90' lang='lat' dir='ltr'><strong>usus</strong></span> <span class='ocrx_word' id='word_1_157' title='bbox 2068 1951 2162 2015; x_wconf 87' lang='lat' dir='ltr'><strong>est)</strong></span> <span class='ocrx_word' id='word_1_158' title='bbox 2191 1952 2322 2000; x_wconf 82' lang='lat' dir='ltr'><strong>nihil</strong></span> 
     </span>
     <span class='ocr_line' id='line_1_17' title="bbox 219 2034 2309 2105; baseline -0 -18"><span class='ocrx_word' id='word_1_159' title='bbox 219 2040 313 2087; x_wconf 90' lang='lat' dir='ltr'><strong>sibi</strong></span> <span class='ocrx_word' id='word_1_160' title='bbox 339 2040 467 2087; x_wconf 84' lang='lat' dir='ltr'><strong>aliud</strong></span> <span class='ocrx_word' id='word_1_161' title='bbox 499 2042 807 2102; x_wconf 85' lang='lat' dir='ltr'><strong>proposuisse</strong></span> <span class='ocrx_word' id='word_1_162' title='bbox 834 2042 1037 2102; x_wconf 77' lang='lat' dir='ltr'><strong>videtur,</strong></span> <span class='ocrx_word' id='word_1_163' title='bbox 1068 2058 1216 2105; x_wconf 85' lang='lat' dir='ltr'><strong>quam</strong></span> <span class='ocrx_word' id='word_1_164' title='bbox 1248 2042 1427 2090; x_wconf 88' lang='lat' dir='ltr'><strong>bonam</strong></span> <span class='ocrx_word' id='word_1_165' title='bbox 1458 2042 1672 2090; x_wconf 84' lang='lat' dir='ltr'><strong>futuram</strong></span> <span class='ocrx_word' id='word_1_166' title='bbox 1686 2058 1803 2090; x_wconf 87' lang='lat' dir='ltr'><strong>-esse</strong></span> <span class='ocrx_word' id='word_1_167' title='bbox 1833 2034 2107 2097; x_wconf 87' lang='lat' dir='ltr'><strong>editionem,</strong></span> <span class='ocrx_word' id='word_1_168' title='bbox 2140 2043 2192 2087; x_wconf 91' lang='lat' dir='ltr'><strong>in</strong></span> <span class='ocrx_word' id='word_1_169' title='bbox 2214 2057 2309 2103; x_wconf 88' lang='lat' dir='ltr'><strong>qua</strong></span> 
     </span>
     <span class='ocr_line' id='line_1_18' title="bbox 208 2122 2309 2193; baseline -0 -16"><span class='ocrx_word' id='word_1_170' title='bbox 208 2145 374 2192; x_wconf 65' lang='lat' dir='ltr'><strong>&gt;pauca</strong></span> <span class='ocrx_word' id='word_1_171' title='bbox 392 2131 538 2178; x_wconf 82' lang='lat' dir='ltr'><strong>verba</strong></span> <span class='ocrx_word' id='word_1_172' title='bbox 555 2130 842 2193; x_wconf 86' lang='lat' dir='ltr'><strong>legerentur,</strong></span> <span class='ocrx_word' id='word_1_173' title='bbox 873 2147 981 2193; x_wconf 83' lang='lat' dir='ltr'><strong>quse</strong></span> <span class='ocrx_word' id='word_1_174' title='bbox 1000 2148 1103 2190; x_wconf 79' lang='lat' dir='ltr'><strong>non</strong></span> <span class='ocrx_word' id='word_1_175' title='bbox 1130 2133 1182 2179; x_wconf 90' lang='lat' dir='ltr'><strong>in</strong></span> <span class='ocrx_word' id='word_1_176' title='bbox 1215 2148 1314 2179; x_wconf 89' lang='lat' dir='ltr'><strong>uno</strong></span> <span class='ocrx_word' id='word_1_177' title='bbox 1346 2122 1563 2180; x_wconf 78' lang='lat' dir='ltr'><strong>alterove</strong></span> <span class='ocrx_word' id='word_1_178' title='bbox 1592 2133 1757 2184; x_wconf 79' lang='lat' dir='ltr'><strong>codice</strong></span> <span class='ocrx_word' id='word_1_179' title='bbox 1786 2136 2046 2189; x_wconf 84' lang='lat' dir='ltr'><strong>exstarent,</strong></span> <span class='ocrx_word' id='word_1_180' title='bbox 2061 2147 2118 2176; x_wconf 81' lang='lat' dir='ltr'><strong>ac</strong></span> <span class='ocrx_word' id='word_1_181' title='bbox 2138 2146 2201 2177; x_wconf 88' lang='lat' dir='ltr'><strong>ne</strong></span> <span class='ocrx_word' id='word_1_182' title='bbox 2217 2130 2309 2176; x_wconf 89' lang='lat' dir='ltr'><strong>hoc</strong></span> 
     </span>
     <span class='ocr_line' id='line_1_19' title="bbox 219 2213 2311 2286; baseline 0.001 -23"><span class='ocrx_word' id='word_1_183' title='bbox 219 2219 410 2278; x_wconf 88' lang='lat' dir='ltr'><strong>quidem</strong></span> <span class='ocrx_word' id='word_1_184' title='bbox 432 2227 717 2270; x_wconf 87' lang='lat' dir='ltr'><strong>constanter.</strong></span> <span class='ocrx_word' id='word_1_185' title='bbox 753 2276 756 2280; x_wconf 17' lang='grc' dir='ltr'><em>Α</em></span> <span class='ocrx_word' id='word_1_186' title='bbox 774 2219 848 2265; x_wconf 87' lang='lat' dir='ltr'><strong>Ita</strong></span> <span class='ocrx_word' id='word_1_187' title='bbox 869 2220 1059 2280; x_wconf 86' lang='lat' dir='ltr'><strong>expulit·</strong></span> <span class='ocrx_word' id='word_1_188' title='bbox 1077 2223 1268 2282; x_wconf 82' lang='lat' dir='ltr'><strong>quidem</strong></span> <span class='ocrx_word' id='word_1_189' title='bbox 1289 2221 1492 2286; x_wconf 78' lang='lat' dir='ltr'><strong>aliorum</strong></span> <span class='ocrx_word' id='word_1_190' title='bbox 1508 2213 1913 2279; x_wconf 84' lang='lat' dir='ltr'><strong>interpolationes,</strong></span> <span class='ocrx_word' id='word_1_191' title='bbox 1937 2219 2023 2264; x_wconf 87' lang='lat' dir='ltr'><strong>sed</strong></span> <span class='ocrx_word' id='word_1_192' title='bbox 2044 2234 2133 2266; x_wconf 87' lang='lat' dir='ltr'><strong>nec</strong></span> <span class='ocrx_word' id='word_1_193' title='bbox 2150 2219 2311 2281; x_wconf 89' lang='lat' dir='ltr'><strong>quales</strong></span> 
     </span>
     <span class='ocr_line' id='line_1_20' title="bbox 220 2307 2336 2369; baseline 0.002 -19"><span class='ocrx_word' id='word_1_194' title='bbox 220 2307 416 2351; x_wconf 88' lang='lat' dir='ltr'><strong>omnino</strong></span> <span class='ocrx_word' id='word_1_195' title='bbox 450 2314 610 2352; x_wconf 87' lang='lat' dir='ltr'><strong>essent</strong></span> <span class='ocrx_word' id='word_1_196' title='bbox 630 2307 842 2353; x_wconf 88' lang='lat' dir='ltr'><strong>Lucretii</strong></span> <span class='ocrx_word' id='word_1_197' title='bbox 869 2309 1074 2367; x_wconf 88' lang='lat' dir='ltr'><strong>codices,</strong></span> <span class='ocrx_word' id='word_1_198' title='bbox 1102 2309 1330 2369; x_wconf 77' lang='lat' dir='ltr'><strong>quaesivit,</strong></span> <span class='ocrx_word' id='word_1_199' title='bbox 1361 2313 1418 2353; x_wconf 91' lang='lat' dir='ltr'><strong>ut</strong></span> <span class='ocrx_word' id='word_1_200' title='bbox 1444 2314 1718 2367; x_wconf 89' lang='lat' dir='ltr'><strong>appareret,</strong></span> <span class='ocrx_word' id='word_1_201' title='bbox 1746 2314 1969 2368; x_wconf 87' lang='lat' dir='ltr'><strong>possetne</strong></span> <span class='ocrx_word' id='word_1_202' title='bbox 1985 2308 2102 2353; x_wconf 85' lang='lat' dir='ltr'><strong>stari</strong></span> <span class='ocrx_word' id='word_1_203' title='bbox 2118 2322 2177 2354; x_wconf 90' lang='lat' dir='ltr'><strong>eo</strong></span> <span class='ocrx_word' id='word_1_204' title='bbox 2198 2313 2312 2354; x_wconf 83' lang='lat' dir='ltr'><strong>tex·</strong></span> <span class='ocrx_word' id='word_1_205' title='bbox 2333 2358 2336 2360; x_wconf 66' lang='grc'><em>,</em></span> 
     </span>
     <span class='ocr_line' id='line_1_21' title="bbox 218 2394 2310 2456; baseline 0.001 -17"><span class='ocrx_word' id='word_1_206' title='bbox 218 2402 288 2452; x_wconf 91' lang='lat' dir='ltr'><strong>tu,</strong></span> <span class='ocrx_word' id='word_1_207' title='bbox 313 2394 467 2455; x_wconf 90' lang='lat' dir='ltr'><strong>quiin</strong></span> <span class='ocrx_word' id='word_1_208' title='bbox 487 2394 730 2441; x_wconf 88' lang='lat' dir='ltr'><strong>codicibus</strong></span> <span class='ocrx_word' id='word_1_209' title='bbox 753 2403 891 2456; x_wconf 87' lang='lat' dir='ltr'><strong>esset,</strong></span> <span class='ocrx_word' id='word_1_210' title='bbox 923 2397 1054 2443; x_wconf 87' lang='lat' dir='ltr'><strong>an·is</strong></span> <span class='ocrx_word' id='word_1_211' title='bbox 1072 2401 1258 2441; x_wconf 87' lang='lat' dir='ltr'><strong>tantum</strong></span> <span class='ocrx_word' id='word_1_212' title='bbox 1287 2395 1397 2442; x_wconf 90' lang='lat' dir='ltr'><strong>ideo</strong></span> <span class='ocrx_word' id='word_1_213' title='bbox 1426 2395 1754 2444; x_wconf 86' lang='lat' dir='ltr'><strong>restituendus</strong></span> <span class='ocrx_word' id='word_1_214' title='bbox 1784 2401 1923 2454; x_wconf 87' lang='lat' dir='ltr'><strong>esset,</strong></span> <span class='ocrx_word' id='word_1_215' title='bbox 1955 2401 2012 2441; x_wconf 91' lang='lat' dir='ltr'><strong>ut</strong></span> <span class='ocrx_word' id='word_1_216' title='bbox 2042 2396 2310 2442; x_wconf 87' lang='lat' dir='ltr'><strong>necessaria</strong></span> 
     </span>
     <span class='ocr_line' id='line_1_22' title="bbox 218 2480 2308 2546; baseline 0.002 -21"><span class='ocrx_word' id='word_1_217' title='bbox 218 2481 491 2527; x_wconf 88' lang='lat' dir='ltr'><strong>emendatio</strong></span> <span class='ocrx_word' id='word_1_218' title='bbox 512 2486 642 2526; x_wconf 80' lang='lat' dir='ltr'><strong>certo</strong></span> <span class='ocrx_word' id='word_1_219' title='bbox 675 2480 993 2530; x_wconf 84' lang='lat' dir='ltr'><strong>fundamento</strong></span> <span class='ocrx_word' id='word_1_220' title='bbox 1025 2484 1270 2541; x_wconf 88' lang='lat' dir='ltr'><strong>niteretur,</strong></span> <span class='ocrx_word' id='word_1_221' title='bbox 1301 2497 1366 2529; x_wconf 83' lang='lat' dir='ltr'><strong>an</strong></span> <span class='ocrx_word' id='word_1_222' title='bbox 1383 2489 1511 2529; x_wconf 89' lang='lat' dir='ltr'><strong>esset</strong></span> <span class='ocrx_word' id='word_1_223' title='bbox 1525 2484 1719 2546; x_wconf 88' lang='lat' dir='ltr'><strong>quidem</strong></span> <span class='ocrx_word' id='word_1_224' title='bbox 1735 2483 2007 2542; x_wconf 86' lang='lat' dir='ltr'><strong>mendosus,</strong></span> <span class='ocrx_word' id='word_1_225' title='bbox 2035 2484 2219 2543; x_wconf 85' lang='lat' dir='ltr'><strong>sedita,</strong></span> <span class='ocrx_word' id='word_1_226' title='bbox 2252 2491 2308 2530; x_wconf 87' lang='lat' dir='ltr'><strong>ut</strong></span> 
     </span>
    </p>
   </div>
   <div class='ocr_carea' id='block_1_2' title="bbox 312 2659 2308 2841">
    <p class='ocr_par' dir='ltr' id='par_1_2' title="bbox 312 2659 2308 2841">
     <span class='ocr_line' id='line_1_23' title="bbox 312 2659 2308 2723; baseline 0.003 -17"><span class='ocrx_word' id='word_1_227' title='bbox 312 2672 349 2719; x_wconf 82' lang='lat'><strong>².)</strong></span> <span class='ocrx_word' id='word_1_228' title='bbox 393 2671 669 2710; x_wconf 82' lang='lat' dir='ltr'><strong>Eichstaedtius</strong></span> <span class='ocrx_word' id='word_1_229' title='bbox 691 2674 932 2712; x_wconf 82' lang='lat' dir='ltr'><strong>Wakefieldii</strong></span> <span class='ocrx_word' id='word_1_230' title='bbox 955 2676 1121 2712; x_wconf 82' lang='lat' dir='ltr'><strong>editione</strong></span> <span class='ocrx_word' id='word_1_231' title='bbox 1148 2659 1324 2711; x_wconf 78' lang='lat' dir='ltr'><strong>effectum</strong></span> <span class='ocrx_word' id='word_1_232' title='bbox 1344 2685 1429 2711; x_wconf 81' lang='lat' dir='ltr'><strong>esse</strong></span> <span class='ocrx_word' id='word_1_233' title='bbox 1456 2675 1665 2720; x_wconf 68' lang='lat' dir='ltr'><strong>iudicabat,</strong></span> <span class='ocrx_word' id='word_1_234' title='bbox 1706 2683 1772 2720; x_wconf 68' lang='lat' dir='ltr'><strong>„ut</strong></span> <span class='ocrx_word' id='word_1_235' title='bbox 1794 2688 1895 2712; x_wconf 82' lang='lat' dir='ltr'><strong>nunc</strong></span> <span class='ocrx_word' id='word_1_236' title='bbox 1919 2676 2089 2720; x_wconf 86' lang='lat' dir='ltr'><strong>demum,</strong></span> <span class='ocrx_word' id='word_1_237' title='bbox 2122 2687 2237 2723; x_wconf 84' lang='lat' dir='ltr'><strong>quem</strong></span> <span class='ocrx_word' id='word_1_238' title='bbox 2262 2679 2308 2712; x_wconf 84' lang='lat' dir='ltr'><strong>li-</strong></span> 
     </span>
     <span class='ocr_line' id='line_1_24' title="bbox 319 2732 2308 2784; baseline 0.004 -17"><span class='ocrx_word' id='word_1_239' title='bbox 319 2774 338 2782; x_wconf 11' lang='lat'><strong>.»</strong></span> <span class='ocrx_word' id='word_1_240' title='bbox 393 2732 605 2773; x_wconf 74' lang='lat' dir='ltr'><strong>brai-iorum</strong></span> <span class='ocrx_word' id='word_1_241' title='bbox 628 2742 762 2781; x_wconf 82' lang='lat' dir='ltr'><strong>stupor</strong></span> <span class='ocrx_word' id='word_1_242' title='bbox 785 2745 895 2782; x_wconf 83' lang='lat' dir='ltr'><strong>atque</strong></span> <span class='ocrx_word' id='word_1_243' title='bbox 922 2739 1110 2783; x_wconf 64' lang='lat' dir='ltr'><strong>editorum</strong></span> <span class='ocrx_word' id='word_1_244' title='bbox 1134 2735 1289 2770; x_wconf 79' lang='lat' dir='ltr'><strong>audacia</strong></span> <span class='ocrx_word' id='word_1_245' title='bbox 1312 2735 1424 2772; x_wconf 83' lang='lat' dir='ltr'><strong>nobis</strong></span> <span class='ocrx_word' id='word_1_246' title='bbox 1448 2747 1552 2782; x_wconf 79' lang='lat' dir='ltr'><strong>paene</strong></span> <span class='ocrx_word' id='word_1_247' title='bbox 1579 2739 1801 2784; x_wconf 71' lang='lat' dir='ltr'><strong>eripuisset,</strong></span> <span class='ocrx_word' id='word_1_248' title='bbox 1826 2737 2044 2775; x_wconf 84' lang='lat' dir='ltr'><strong>Lucretium</strong></span> <span class='ocrx_word' id='word_1_249' title='bbox 2065 2742 2109 2774; x_wconf 73' lang='lat' dir='ltr'><strong>in</strong></span> <span class='ocrx_word' id='word_1_250' title='bbox 2131 2739 2308 2775; x_wconf 78' lang='lat' dir='ltr'><strong>Lucretio</strong></span> 
     </span>
     <span class='ocr_line' id='line_1_25' title="bbox 390 2789 715 2841; baseline 0.012 -13"><span class='ocrx_word' id='word_1_251' title='bbox 390 2789 715 2841; x_wconf 59' lang='lat' dir='ltr'><strong>agnosceremus!</strong></span> 
     </span>
    </p>
   </div>
   <div class='ocr_carea' id='block_1_3' title="bbox 1998 2862 2051 2906">
    <p class='ocr_par' dir='ltr' id='par_1_3' title="bbox 1998 2862 2051 2906">
     <span class='ocr_line' id='line_1_26' title="bbox 1998 2862 2051 2906; baseline 0 -20"><span class='ocrx_word' id='word_1_252' title='bbox 1998 2862 2051 2906; x_wconf 61' lang='lat'><strong>1*</strong></span> 
     </span>
    </p>
   </div>
  </div>
 </body>
</html>
