2582 3105
2282 143 2317 190 ⁷

282 277 387 331 dice
430 288 596 323 omnes
633 272 779 319 etiam
826 269 1046 322 meliores
1088 284 1192 323 esse
1222 272 1473 338 ‚derivatos
1513 276 1565 318 et
1603 269 1740 318 inum
1794 284 1894 319 non
1931 271 2296 337 integerrimum
2332 280 2383 324 et

282 368 345 420 ad
370 365 625 430 legendum
659 360 896 414 difficilem
928 360 1101 423 fuisse,
1130 363 1338 428 mexime
1374 368 1579 423 apparet
1604 374 1668 407 ex
1701 374 1785 422 eo,
1817 361 1949 425 quod
1975 362 2144 410 iisdem
2174 363 2228 411 in
2261 360 2380 411 locis

281 468 472 510 omnes,
508 451 589 512 qui
619 451 722 496 noti
755 455 891 510 sunt,
927 451 1113 497 codices
1144 450 1342 497 lacunas
1375 450 1571 497 habent.
1657 449 1808 497 Velut
1825 451 1890 496 in
1922 448 2050 495 libro
2079 451 2261 510 primo,
2293 450 2380 497 ubi

282 542 345 596 de
374 538 676 600 Anaxagorae
707 536 1010 603 ὁμοιομερείᾳ
1042 540 1327 599 disputatur,
1355 540 1408 585 in
1431 538 1675 586 codicibus
1707 538 1762 584 hi
1793 553 1962 586 versus
1994 537 2223 603 leguntur⁴
2250 536 2382 600 (852

282 629 399 685 860)
436 627 709 691 862-865)=
1485 622 1489 625 ι

293 755 296 758 .
607 716 874 776 Praeterea,
922 714 1147 777 quoniam
1180 712 1317 761 cibus
1342 718 1486 774 auget
1517 726 1689 772 corpus
1724 712 1901 777 editque
1961 756 1963 759 ,

504 785 508 789 ⁴
572 798 576 802 ’
608 804 742 853 Scire
771 804 910 865 licet,
938 802 1087 851 nobis,
1120 815 1268 852 venes
1302 807 1353 850 et
1378 816 1594 864 sanguen
1626 808 1677 849 et
1707 817 1820 850 ossa

608 981 722 1030 Sive
751 979 884 1030 cibos
912 994 1079 1028 omnes
1110 979 1370 1027 commixto
1397 994 1599 1041 corpore
1631 976 1804 1028 dicem:⁴

607 1067 756 1129 Esse,
795 1074 847 1117 et
872 1067 1052 1118 habere
1077 1068 1130 1116 in
1162 1082 1216 1116 se
1246 1082 1504 1118 nervorum
1534 1082 1737 1130 corpora
1766 1082 1916 1130 parva

611 1155 829 1219 Ossaque
864 1163 916 1204 et
946 1157 1142 1204 omnino
1173 1170 1322 1205 venas.
1348 1162 1603 1219 partesque
1629 1158 1829 1219 cruoris,

612 1244 743 1305 Fiet,
793 1246 866 1293 uti
896 1245 1031 1292 cibus
1064 1242 1155 1292 &c-

284 1332 380 1382 Sed
412 1347 559 1394 quum
598 1339 816 1392 apertum
857 1340 1009 1389 esset,
1071 1333 1238 1379 deesse
1280 1333 1456 1393 prioris
1498 1334 1765 1394 apedoseos
1798 1339 2009 1394 partem,
2069 1333 2132 1380 ad
2161 1331 2379 1384 hiantem

281 1424 546 1472 orationem
594 1420 878 1481 explendam
935 1422 1230 1483 excogitatus
1272 1427 1346 1468 est
1395 1427 1447 1467 et
1492 1421 1555 1468 ab
1598 1422 1821 1470 omnibus
1867 1427 2089 1483 receptus
2119 1435 2286 1471 versus
2315 1423 2379 1470 ad

281 1512 568 1563 sententiam
599 1516 758 1556 rectus
778 1507 952 1572 .(861):

609 1598 677 1643 Et
706 1612 879 1644 nervos
911 1597 1184 1657 alienigenis
1217 1611 1280 1641 ex
1310 1598 1528 1655 partibus
1565 1611 1685 1642 esse.

282 1684 329 1734 Is
358 1699 523 1732 versus
565 1685 616 1730 in
655 1700 754 1730 uno
787 1684 1062 1746 apographo
1093 1683 1242 1730 seculi
1270 1683 1385 1731 XV.
1402 1691 1584 1744 exstat,
1644 1690 1859 1731 ceterum
1892 1698 1955 1731 ne
1981 1685 2035 1731 in
2065 1683 2233 1745 primis
2266 1686 2379 1745 qni-
2475 1710 2488 1723 ,

283 1773 395 1821 dem
440 1772 741 1819 editionibuS.
846 1772 1024 1819 Similis
1065 1778 1138 1818 est
1179 1766 1311 1819 locus
1356 1774 1409 1820 in
1459 1773 1585 1820 libro
1629 1773 1717 1833 111,
1782 1774 1867 1820 ubi
1916 1774 1979 1820 de
2022 1771 2378 1821 immottalitnte

282 1860 455 1908 animae
484 1859 539 1907 hi
569 1875 735 1909 versus
766 1861 818 1906 in
851 1861 1094 1907 codicibus
1124 1859 1350 1920 leguntur
1393 1861 1513 1923 (830
1543 1859 1685 1922 sqq.):

611 1946 757 2006 Quod
788 1948 830 1992 si
857 1944 984 1992 forte
1015 1947 1127 1992 ideo
1158 1947 1310 2006 magis
1338 1947 1622 1994 immortalis
1652 1947 1876 1994 habenda
1909 1954 1999 2006 est,

610 2033 758 2093 Quod
786 2032 1008 2080 vitalibus
1041 2030 1299 2095 (letalibus)
1328 2033 1390 2079 ab
1422 2034 1569 2080 rebus
1602 2036 1790 2081 munita
1821 2041 2030 2093 tenetur,

611 2118 712 2167 Aut
748 2121 860 2182 quia
889 2135 989 2166 non
1020 2121 1222 2168 veniunt
1252 2122 1449 2168 omnino
1482 2121 1641 2179 aliena
1673 2122 1853 2182 salutis,

613 2206 713 2254 Aut
739 2209 863 2270 quia,
896 2223 1003 2271 quse
1029 2210 1245 2264 veniunt,
1277 2208 1437 2272 aliqua
1468 2212 1655 2258 ratione
1684 2212 1916 2258 recedunt

610 2296 757 2345 Pulsa
787 2299 936 2359 prius,
969 2313 1129 2360 quam,
1163 2298 1277 2359 quid
1308 2306 1526 2358 noceant,
1557 2299 1736 2345 sentire
1767 2313 2014 2360 queamus,

605 2471 791 2519 Praeter
823 2476 949 2521 enim
983 2491 1127 2537 quam
1159 2476 1287 2537 quod
1319 2473 1499 2520 morbis
1530 2480 1636 2522 tum
1669 2477 1884 2536 corporis
1916 2475 2056 2537 aegrit
2074 2472 2132 2536 ¹),

608 2555 817 2607 Advenit
845 2561 920 2620 id,
972 2564 1100 2625 quod
1132 2560 1224 2610 dcc.

296 2742 299 2744 ·
381 2727 416 2770 ι)
462 2723 606 2759 Versu·
631 2724 694 2760 hie
717 2733 917 2772 corruptus
943 2733 1021 2777 estg
1059 2727 1242 2773 particula
1265 2730 1365 2762 euim
1390 2732 1469 2762 tum
1494 2726 1606 2772 plane
1630 2729 1750 2764 aliena
1773 2735 1849 2771 esu
1884 2739 1957 2764 nec
1981 2740 2096 2776 quam
2116 2730 2377 2768 auctoritatem

452 2782 594 2882 18ιέζεί
623 2786 760 2880 ωξζῖἑ,
810 2793 974 2829 constan
1019 2798 1107 2825 nam
1129 2787 1392 2833 Havercampii
1426 2789 1584 2823 silentio
1608 2789 1656 2824 de
1683 2789 1791 2824 codd.
1818 2788 1967 2835 Lugdd.
2001 2790 2107 2842 credi
2136 2800 2215 2825 ιιοιι
2238 2798 2377 2837 potest.

615 2855 662 2891 pa
716 2870 730 2883 .
