2582 3105
301 113 366 173 14

236 260 330 305 que
361 243 455 289 hoc
487 246 647 303 ipsum
679 253 810 304 erat,
877 247 1006 306 quod
1041 246 1342 306 praecessisse
1377 245 1638 290 clarissime
1673 246 1991 312 ostendebant
2023 244 2105 293 illa
2137 245 2188 290 in
2231 257 2351 304 pro-

235 335 366 377 ximo
399 346 568 377 versu:
600 330 670 378 At
695 332 898 393 quidam
922 340 1097 377 contra
1124 331 1245 377 Izaec.
1311 333 1454 378 Patet
1481 334 1627 392 igitur
1661 340 1772 377 ante
1804 334 1894 379 hos
1923 348 2089 381 versus
2121 332 2357 380 excidisse.

237 419 442 465 fortasse
468 420 629 480 plura,
661 422 745 465 sed
771 429 902 467 certe
935 421 1095 466 locum
1131 421 1450 481 complurium
1477 435 1730 478 versuum,
1771 423 1825 465 in
1855 436 1949 483 quo
1985 426 2358 468 commemorata

238 509 301 575 sit
330 523 494 555 rerum
541 508 674 571 origo
723 524 783 553 ex
817 507 901 554 illo
934 507 1138 555 fortuito
1170 516 1309 556 motu
1353 516 1402 554 et
1435 508 1578 554 celeri
1615 514 1887 574 atomorum
1921 510 2024 554 siue
2061 510 2223 557 divino
2260 523 2358 554 nu·

238 598 396 654 mine,
461 597 528 640 ita
571 603 627 640 ut
670 597 773 641 eius
815 596 910 642 loci
959 613 1089 643 nunc
1131 598 1466 644 tantummodo
1511 603 1726 641 extrema
1764 610 1878 656 pars
1918 597 2138 657 supersit.
2236 596 2359 641 Eam

238 684 459 729 lacunam
499 683 662 728 nescio
698 686 803 744 quis
842 686 912 730 ita
960 684 1171 744 explevit
1199 685 1383 730 misello
1417 684 1499 730 illo
1531 698 1685 742 versu,
1719 690 1774 729 ut
1804 685 1866 730 ad
1899 691 2084 730 atomos
2114 684 2361 739 traductis,

241 785 346 830 quae
377 770 438 815 de
473 770 562 814 diis
597 770 725 815 dicta
758 776 924 829 erant,
991 769 1151 816 locum
1186 785 1325 832 paene
1361 772 1602 830 omnium,
1670 771 1750 834 qui
1794 772 1848 818 in
1889 770 2104 818 Lucretii
2147 770 2359 820 carmine.

240 859 459 922 corrupti
489 872 579 916 pro
614 859 741 902 sanis
775 858 1015 918 leguntur,
1051 859 1402 918 ineptissimum
1436 859 1662 905 effecerit.
1712 858 2010 922 ,Intelligitur
2032 864 2194 905 autem
2215 872 2359 916 nunc,

241 946 455 1004 repertis*
477 944 690 1007 reliquiis
723 946 847 992 initii
881 945 1025 992 huius
1052 945 1171 1006 loci,
1217 948 1346 1008 quod
1373 949 1638 993 maximam
1671 939 1857 1009 partem
1889 948 2156 1005 intercidit,
2216 960 2359 1007 quam

242 1033 397 1079 inanis
433 1033 495 1078 sit
528 1034 734 1095 suspicio
767 1034 1020 1095 Forbigeri
1069 1035 1138 1098 (in
1172 1036 1358 1085 dissert.
1403 1037 1463 1082 de
1498 1035 1715 1082 Lucretii
1755 1037 1968 1085 carmine.
2012 1036 2166 1095 (Lips.
2204 1037 2363 1090 1824),

241 1136 288 1179 p.
317 1117 418 1181 40‚)
477 1126 635 1166 totum
667 1120 829 1168 locum
871 1121 1220 1181 interpolatum
1266 1124 1528 1185 opinantis,
1581 1124 1708 1185 quod
1751 1137 1814 1170 ex
1838 1121 2053 1169 Lucretii
2090 1136 2226 1169 more
2267 1136 2360 1167 ex-

243 1211 389 1253 tremi
426 1224 588 1254 versus
622 1208 889 1271 (177-181)
921 1211 971 1256 in
1001 1209 1128 1256 libro
1166 1211 1333 1271 quinto
1367 1208 1637 1273 (196-200)
1672 1216 1971 1270 repetuntur.
2037 1209 2139 1255 Iam
2173 1210 2273 1256 sive
2307 1209 2359 1276 in

245 1294 328 1339 illo
361 1297 549 1354 codice,
592 1311 654 1343 ex
690 1313 784 1359 quo
816 1299 969 1344 nostri
1004 1298 1231 1359 descripti
1267 1304 1409 1353 sunt,
1476 1313 1589 1359 pars
1628 1296 1788 1359 aliqua
1821 1295 1931 1344 folii
1962 1297 2195 1359 perierat,
2260 1297 2360 1344 sive

245 1383 483 1442 scriptura
515 1385 613 1429 situ
644 1392 695 1431 et
727 1391 966 1433 vetustate
997 1386 1199 1433 evanida
1231 1384 1327 1447 legi
1359 1401 1461 1432 non
1491 1391 1706 1446 poterat,
1738 1383 1879 1432 facile
1913 1383 2218 1447 intelligitur,
2252 1397 2360 1428 eam

246 1469 404 1515 labem
437 1473 584 1517 etiam
616 1474 677 1517 ad
710 1475 930 1532 proxima
965 1474 1209 1533 pertinere
1242 1474 1473 1532 potuisse.
1568 1472 1632 1519 Et
1661 1479 1773 1518 sunt
1798 1474 1850 1518 in
1879 1474 1936 1518 iis
1971 1471 2214 1524 versibus,
2280 1470 2365 1530 qui,

248 1564 541 1624 sequuntur,
591 1557 731 1619 plura
765 1566 991 1619 corrupta
1023 1556 1119 1617 (At
1154 1558 1360 1621 quidam
1393 1566 1568 1605 contra
1600 1558 1707 1604 hoec
1742 1558 1933 1620 ignari,
1983 1556 2213 1603 materiai
2246 1558 2361 1602 Na—

247 1650 415 1690 turam
448 1659 548 1692 non
577 1660 728 1708 posse
762 1645 909 1693 deum
947 1644 1053 1692 sine
1089 1644 1290 1692 numine
1343 1644 1488 1692 reddi
1537 1647 1818 1708 Tantopere
1865 1645 2098 1692 humanis
2146 1643 2361 1689 rationi-

248 1731 338 1778 bus
372 1733 723 1800 admoderate)
737 1750 757 1793 ,-
821 1751 934 1781 nam
982 1750 1139 1796 neque
1170 1735 1364 1781 omissio
1399 1734 1535 1781 verbi
1565 1734 1714 1788 finiti,
1768 1736 1899 1796 quod
1932 1742 2007 1780 est
2039 1733 2236 1790 dicunt,
2279 1738 2362 1778 aut

246 1820 412 1867 similis
440 1821 641 1869 alieuius
675 1824 726 1870 in
757 1822 1034 1870 huiusmodi
1069 1823 1309 1868 sententia
1340 1820 1535 1868 defendi
1569 1820 1668 1868 ullo
1701 1822 1847 1885 modo
1870 1828 2045 1882 potest,
2078 1836 2168 1867 nec
2188 1825 2361 1866 natura

249 1909 467 1953 redditur
495 1901 843 1969 admoderate,
897 1910 982 1955 sed
1015 1908 1381 1965 admoderata,·
1446 1910 1608 1970 itaque
1644 1914 1700 1955 ut
1737 1909 1895 1956 audax
1932 1914 2006 1955 est
2032 1923 2200 1958 eorum
2226 1908 2363 1967 ratio,

249 1998 329 2055 qui
361 2004 535 2042 rentur
560 2013 651 2057 pro
682 1997 825 2042 reddi
857 1997 1038 2057 legunt,
1071 1999 1139 2043 ita
1170 2013 1340 2044 eorum
1375 2012 1522 2058 prava
1550 1998 1840 2058 superstitio,
1874 1998 1957 2059 qui
1989 2012 2105 2043 sana
2133 1996 2238 2042 haec
2265 2012 2363 2056 pu-

248 2093 366 2130 tant.
441 2085 646 2143 Deinde,
680 2092 736 2129 ut
763 2086 998 2137 omittam,
1034 2084 1242 2128 dubitari
1275 2099 1415 2144 posse
1445 2086 1506 2130 de
1540 2086 1875 2150 coniunctione
1902 2086 2031 2134 initii
2063 2097 2231 2132 versus
2267 2087 2361 2136 171

250 2180 299 2216 et
332 2174 650 2231 superiorum,
684 2180 734 2219 et
765 2174 817 2218 in
851 2186 995 2219 versu
1032 2175 1129 2223 173
1162 2172 1531 2217 incertissimum
1564 2186 1668 2217 esse
1696 2172 1975 2220 adverbium
2007 2172 2100 2217 hoc
2128 2183 2235 2215 uno-
2257 2169 2363 2215 loco

250 2261 426 2305 lectum
474 2259 759 2314 blanditim,
829 2261 957 2321 quod
988 2259 1209 2304 codicum
1245 2258 1538 2324 optimorum
1584 2264 1824 2325 corruptae
1869 2260 2118 2318 scripturae
2162 2256 2362 2302 blandi-

254 2356 337 2393 tur
370 2353 753 2407 supposuerunt,
807 2362 951 2408 quum
986 2353 1149 2393 tamen
1184 2361 1284 2392 non
1317 2344 1500 2399 blande.
1527 2344 1766 2400 mortales,
1793 2345 1919 2399 secla
1951 2352 2238 2408 propagent,
2279 2346 2364 2391 sed

252 2436 494 2481 blanditiis
527 2436 698 2495 illecti,
748 2436 877 2497 quod
904 2435 987 2481 illo
1021 2433 1256 2482 vocabulo
1289 2448 1388 2480 non
1425 2433 1737 2492 exprimitur,
1770 2459 1835 2468 —
1865 2435 1950 2485 sed
1982 2441 2037 2481 ut
2071 2434 2176 2480 haec
2214 2435 2362 2479 omit-

252 2531 375 2579 tam,
442 2537 610 2567 versus
659 2529 754 2575 181
812 2536 937 2567 unus
994 2529 1066 2568 est
1126 2538 1188 2568 ex
1241 2523 1325 2580 iis,
1393 2535 1597 2583 quorum
1641 2520 1834 2582 plurimi
1875 2503 1989 2569 suut
2043 2524 2094 2569 in
2150 2521 2362 2590 Lucretii

255 2611 413 2663 libris,
469 2609 553 2655 ubi
593 2611 779 2656 codices
825 2611 1134 2673 integriores,
1184 2611 1235 2657 id
1279 2615 1378 2662 est,
1433 2615 1487 2654 ut
1513 2610 1635 2669 dixi,
1687 2610 1963 2673 apographa
1991 2612 2185 2673 antiqua
2219 2592 2361 2676 primi

257 2697 379 2744 illius
433 2698 699 2744 communis
755 2701 959 2752 codicis,
1024 2706 1224 2759 propter
1260 2697 1524 2745 evanidam
1573 2700 1675 2747 siue
1731 2699 1877 2745 dubio
1922 2700 2025 2745 eius
2076 2699 2361 2757 scripturam

259 2785 402 2830 verba
444 2787 663 2846 quaedam
702 2793 750 2832 et
791 2786 1000 2847 syllabas
1045 2789 1333 2844 omiserunt,
1381 2801 1518 2834 versu
1559 2786 1715 2834 fracto
1749 2803 1847 2834 non
1881 2790 2038 2834 minus
2069 2801 2211 2847 quam
2245 2799 2361 2831 sen-
