2582 3105
2212 134 2275 179 15

231 261 384 308 tentia
400 257 458 322 ¹).
523 257 648 305 Nam
683 271 829 320 quum
863 258 914 305 in
948 257 1050 306 cod.
1081 251 1411 321 Gottorpiensi
1447 264 1499 306 et
1531 263 1735 321 utroque
1766 257 2075 322 Lugduneusi
2107 262 2337 322 scriptum

220 345 296 396 'sit
751 356 771 361 ,.
1022 360 1025 361 ⁷
1056 343 1061 346 -
1130 343 1132 345 >
1216 357 1222 360 .
1285 358 1287 360 ,
1460 351 1464 357 .

671 434 904 482 Naturam
938 432 1130 481 mundi:
1187 432 1471 497 quamquam
1493 434 1712 497 'praedita
1747 434 1901 497 culpa,

230 521 473 584 expletum
491 521 584 569 hoc
618 529 693 569 est
716 524 767 570 in
798 523 993 570 alterius
1020 521 1148 569 illius
1181 524 1459 569 recentioris
1495 524 1658 583 stirpis
1689 523 2000 586 apographis:
2036 538 2335 587 quamquam

230 610 337 657 haec
372 610 492 656 sint·
516 607 679 673 (suno
719 610 942 673 praedita
988 609 1154 670 culpa.
1188 607 1192 610 ⁴
1222 608 1498 669 Superiores
1543 611 1752 657 editores
1799 611 2043 658 intellecto
2080 619 2130 658 et
2166 627 2255 672 per
2286 628 2337 660 se

218 706 280 744 ³et
311 711 373 742 ex
403 697 511 742 loco
543 698 654 743 libri
694 700 870 759 quinti,
920 692 1028 757 quae
1059 702 1185 741 esset
1216 695 1429 741 Lucretii
1463 693 1721 754 sententia,
1790 699 2161 744 substituerant:
2223 714 2336 760 quae

227 791 372 831 tanta
405 792 479 830 est
503 784 727 846 prc'edita
759 784 909 844 culpa
916 803 936 844 ‚·
979 780 1070 829 nec
1099 776 1290 844 poterat
1320 789 1463 843 poeta
1498 782 1604 829 haec
1631 783 1780 830 verba
1792 777 2006 844 *vai-iare,
2024 800 2142 845 >quae
2175 789 2334 847 ipsum

219 870 476 921 continent
519 872 665 934 caput
696 871 946 919 sententiae
974 869 1226 932 Epicureae
1257 876 1464 933 utroque
1496 870 1604 917 loco
1633 872 1831 931 positae,
1883 867 1946 918 ex
1975 875 2212 933 pravitate
2245 868 2337 920 na-

214 959 353 1009 ²tu'r'ae
384 962 551 1007 mundi
583 962 812 1022 perspici,
859 975 957 1006 non
988 960 1213 1007 divinitus
1247 974 1355 1007 eam
1375 958 1493 1006 'esse
1531 957 1754 1007 creatam.
1829 959 1925 1007 Sed
1957 976 2039 1007 eos
2067 962 2337 1009 WVakefiel-

214 1046 338 1096 ‘'dius
357 1044 455 1095 *illa
499 1049 884 1109 apographorum
918 1044 1250 1109 supplementa
1284 1048 1533 1107 amplexus
1569 1050 1776 1109 graviter
1810 1050 2122 1108 reprehendit
2163 1052 2336 1097 mirifi-

214 1151 430 1197 ·camque
461 1139 702 1196 excogitat
732 1138 1198 1196 interpretationem:
1243 1135 1382 1183 ”licet
1412 1137 1462 1182 in
1498 1136 1745 1183 hominum
1778 1132 2200 1197 reprehensionem
2229 1138 2334 1185 haec

216 1222 532 1284 philosophia
575 1224 813 1282 incurrat,
879 1224 1015 1283 quasi
1068 1222 1278 1269 scelestis
1325 1229 1376 1268 et
1423 1224 1582 1283 impiis
1630 1238 1692 1268 ex
1738 1222 1989 1270 elementis
2033 1227 2334 1271 constituta.’'

228 1311 397 1371 Neque
442 1304 726 1368 pronomine
779 1309 886 1355 hoec
933 1311 986 1355 in
1028 1310 1187 1355 medio
1230 1303 1373 1355 cursu
1418 1305 1750 1369 explicationis
1797 1314 1958 1356 rerum
2002 1312 2132 1357 nude
2172 1313 2330 1370 posito

226 1398 481 1460 significari
511 1397 861 1457 philosophiam
893 1397 1180 1457 Epicuream
1213 1411 1382 1456 posse,
1417 1412 1574 1458 neque
1599 1398 1878 1457 praeditum
1910 1414 2015 1444 esse
2044 1396 2195 1459 culpa
2226 1414 2332 1446 esse

217 1479 277 1532 'in
311 1482 739 1547 reprehensionem
772 1484 1048 1538 incurrere,
1095 1499 1198 1530 non
1226 1492 1321 1544 est,
1384 1485 1512 1547 quod
1542 1486 1819 1544 ostendam,
1882 1500 1974 1531 nec
2002 1484 2074 1530 illi
2104 1488 2236 1546 quasi
2270 1488 2332 1533 de

217 1574 435 1619 nubibus
481 1574 671 1618 cadenti
712 1574 905 1619 invidiae
942 1574 1200 1617 remotioni
1233 1570 1323 1617 'hic
1359 1569 1499 1617 'locus
1527 1579 1640 1631 est,
1706 1588 1813 1633 quoe
1838 1575 1909 1618 ‘in
1952 1575 2117 1633 quavis
2158 1577 2333 1635 pagina

228 1663 363 1723 aeque
396 1663 673 1721 commode,
714 1662 765 1707 id
798 1668 894 1718 est,
938 1661 1261 1719 incommode,
1291 1668 1568 1721 poneretur.
1628 1658 1710 1706 ‘Ea
1743 1676 1883 1708 suum
1916 1661 2076 1706 locum
2108 1661 2254 1708 habet
2282 1664 2333 1708 in

225 1751 493 1809 prooemio
512 1749 624 1795 libri
657 1757 706 1796 et
738 1750 977 1794 carminis.
1025 1748 1079 1810 (Ι,
1112 1755 1174 1801 81
1211 1748 1330 1810 sqq.)
2245 1729 2248 1731 i

276 1832 279 1836 ’
400 1836 522 1881 Haec
554 1837 833 1881 lacunarum
866 1836 1086 1880 omnibus
1121 1836 1364 1879 codicibus
1400 1837 1727 1881 communium
1775 1839 2145 1895 demonstratio,
2212 1854 2333 1898 qua-

214 1939 333 1970 ·rum
364 1924 498 1985 origo
527 1924 641 1968 satis
674 1928 837 1983 aperta
871 1927 943 1967 est
985 1922 1097 1979 <nec
1136 1920 1452 1981 improbabile
1484 1928 1582 1982 est,
1634 1924 1698 1981 si,
1758 1924 1888 1984 quod
1918 1924 2135 1970 nondum
2170 1918 2327 1971 'facere

224 2013 382 2072 potui,
458 2018 727 2071 perattente
786 2010 951 2055 omnes
1009 2007 1278 2055 ceterorum
1323 2009 1574 2055 librorum
1637 2012 1851 2070 corrupti
1904 2010 1997 2056 loci
2041 2014 2328 2058 examinen-

225 2094 314 2146 tur*
340 2100 650 2161 codicumque
680 2097 875 2159 vestigia
909 2103 1163 2155 notentur,
1227 2092 1498 2157 complures
1533 2094 1710 2144 similes
1742 2103 1989 2157 repertum
2024 2098 2121 2156 iri‚)
2188 2099 2329 2146 simul

229 2200 452 2248 magnam
499 2184 598 2234 vim
641 2186 788 2232 habet
843 2186 904 2232 ad
958 2185 1099 2232 aliam
1152 2186 1462 2246 quaestionem
1489 2209 1491 2213 Α
1514 2186 1574 2231 de
1620 2184 1833 2231 Lucretii
1876 2186 2089 2232 carmine
2135 2183 2328 2233 motam.

232 2273 396 2333 Quum
430 2276 559 2320 enim
592 2291 654 2322 ex
686 2290 769 2334 eo,
803 2270 942 2336 quod
963 2273 1261 2336 grammatici
1290 2272 1472 2333 'aliquot
1503 2273 1714 2334 antiqui,
1745 2273 1955 2319 maxime
1988 2273 2178 2335 quidem
2212 2273 2332 2320 Ser-

324 2469 359 2509 1)
406 2465 633 2502 Huiusmodi
657 2473 732 2509 est,
756 2475 801 2502 ut
825 2481 943 2504 unum
967 2480 1018 2504 ex
1040 2469 1167 2504 multis
1191 2463 1362 2511 afferam,
1387 2463 1474 2501 libri
1499 2466 1613 2511 primi
1638 2477 1675 2503 v.
1701 2466 1807 2508 1632,
1831 2465 1871 2500 in
1895 2465 2003 2504 codd.
2025 2467 2080 2501 sic
2104 2470 2284 2513 scriptus:

794 2528 887 2564 solis
910 2536 1009 2565 terra
1035 2537 1172 2574 vapore

567 2585 672 2625 ‘Feta
695 2594 810 2621 novet
833 2585 956 2630 fetus,
994 2598 1211 2632 summaque
1236 2587 1291 2632 (v.
1313 2597 1456 2622 summa
1482 2586 1573 2630 qua)
1596 2595 1688 2630 gens
1712 2587 1954 2627 animantum.

404 2644 610 2681 Substituit
631 2648 758 2681 nescio
783 2649 868 2690 quis
892 2647 1017 2682 editor
1041 2648 1304 2694 summissaque
1325 2658 1416 2693 gens
1445 2648 1701 2684 animantum,·
1733 2646 1930 2687 audacter3
1957 2648 2042 2690 quis
2066 2650 2167 2683 enim
2193 2652 2331 2693 neget?

405 2705 481 2740 Sed
504 2703 780 2739 Wakefieldius
804 2706 1054 2750 „modestius”
1080 2709 1233 2751 scripsit
1258 2706 1403 2740 summa
1423 2710 1586 2752 quoque,
1629 2705 1700 2739 hac
1725 2709 1894 2750 apposita
1920 2707 2230 2750 interpretatione
2257 2713 2331 2751 ‚ita

407 2764 561 2805 floreat,
609 2770 652 2797 ut
675 2774 819 2802 summa
841 2768 925 2802 eius
947 2768 1124 2803 consistat
1147 2768 1228 2803 siue
1252 2768 1411 2803 interitu
1434 2772 1541 2810 toto,
1589 2766 1628 2802 id
1653 2765 1753 2810 quod
1777 2764 1885 2802 aliter
1902 2767 2109 2802 uenirem
2166 2766 2249 2803 Hoc
2277 2777 2331 2803 cst

409 2822 551 2860 summd
569 2824 731 2870 florere!
