<?xml version="1.0" encoding="UTF-8"?>
<!DOCTYPE html PUBLIC "-//W3C//DTD XHTML 1.0 Transitional//EN"
    "http://www.w3.org/TR/xhtml1/DTD/xhtml1-transitional.dtd">
<html xmlns="http://www.w3.org/1999/xhtml" xml:lang="en" lang="en">
 <head>
  <title>
</title>
<meta http-equiv="Content-Type" content="text/html;charset=utf-8" />
  <meta name='ocr-system' content='tesseract 3.04.00' />
  <meta name='ocr-capabilities' content='ocr_page ocr_carea ocr_par ocr_line ocrx_word'/>
</head>
<body>
  <div class='ocr_page' id='page_1' title='image "4625150_0024.png"; bbox 0 0 2582 3105; ppageno 0'>
   <div class='ocr_carea' id='block_1_1' title="bbox 196 137 2298 780">
    <p class='ocr_par' dir='ltr' id='par_1_1' title="bbox 196 137 2298 780">
     <span class='ocr_line' id='line_1_1' title="bbox 2171 137 2235 200; baseline 0 0"><span class='ocrx_word' id='word_1_1' title='bbox 2171 137 2235 200; x_wconf 73' lang='lat'><strong>1‘7</strong></span> 
     </span>
     <span class='ocr_line' id='line_1_2' title="bbox 207 262 2298 339; baseline 0.002 -13"><span class='ocrx_word' id='word_1_2' title='bbox 207 268 211 272; x_wconf 38' lang='lat'><strong>¹</strong></span> <span class='ocrx_word' id='word_1_3' title='bbox 243 278 246 280; x_wconf 76' lang='grc'><strong>’</strong></span> <span class='ocrx_word' id='word_1_4' title='bbox 303 298 306 300; x_wconf 93' lang='grc'><em>·</em></span> <span class='ocrx_word' id='word_1_5' title='bbox 342 268 344 270; x_wconf 47' lang='grc'><strong>’</strong></span> <span class='ocrx_word' id='word_1_6' title='bbox 373 262 495 326; x_wconf 65' lang='lat' dir='ltr'><strong>Haec</strong></span> <span class='ocrx_word' id='word_1_7' title='bbox 529 278 803 339; x_wconf 76' lang='lat' dir='ltr'>scripsimus</span> <span class='ocrx_word' id='word_1_8' title='bbox 836 287 893 328; x_wconf 81' lang='lat' dir='ltr'><strong>ut</strong></span> <span class='ocrx_word' id='word_1_9' title='bbox 923 297 1055 328; x_wconf 84' lang='lat' dir='ltr'><strong>more</strong></span> <span class='ocrx_word' id='word_1_10' title='bbox 1076 266 1325 329; x_wconf 45' lang='lat' dir='ltr'><strong>&#39;maiorum</strong></span> <span class='ocrx_word' id='word_1_11' title='bbox 1358 281 1579 329; x_wconf 84' lang='lat' dir='ltr'><strong>homines</strong></span> <span class='ocrx_word' id='word_1_12' title='bbox 1614 281 1792 329; x_wconf 78' lang='lat' dir='ltr'><strong>nostrae</strong></span> <span class='ocrx_word' id='word_1_13' title='bbox 1826 265 2081 330; x_wconf 77' lang='lat' dir='ltr'><strong>academiae</strong></span> <span class='ocrx_word' id='word_1_14' title='bbox 2124 289 2176 330; x_wconf 85' lang='lat' dir='ltr'><strong>et</strong></span> <span class='ocrx_word' id='word_1_15' title='bbox 2214 297 2298 330; x_wconf 81' lang='lat' dir='ltr'><strong>ar-</strong></span> 
     </span>
     <span class='ocr_line' id='line_1_3' title="bbox 202 367 2293 432; baseline 0.002 -20"><span class='ocrx_word' id='word_1_16' title='bbox 202 367 322 412; x_wconf 82' lang='lat' dir='ltr'><strong>tium</strong></span> <span class='ocrx_word' id='word_1_17' title='bbox 358 367 592 411; x_wconf 85' lang='lat' dir='ltr'><strong>studiosos</strong></span> <span class='ocrx_word' id='word_1_18' title='bbox 624 370 686 414; x_wconf 89' lang='lat' dir='ltr'><strong>ad</strong></span> <span class='ocrx_word' id='word_1_19' title='bbox 716 376 906 414; x_wconf 83' lang='lat' dir='ltr'><strong>coetum</strong></span> <span class='ocrx_word' id='word_1_20' title='bbox 936 371 1259 415; x_wconf 82' lang='lat' dir='ltr'><strong>academicum</strong></span> <span class='ocrx_word' id='word_1_21' title='bbox 1291 371 1567 417; x_wconf 87' lang='lat' dir='ltr'><strong>obeundum</strong></span> <span class='ocrx_word' id='word_1_22' title='bbox 1601 372 1937 428; x_wconf 76' lang='lat' dir='ltr'><strong>invitaremuS,</strong></span> <span class='ocrx_word' id='word_1_23' title='bbox 1999 372 2050 417; x_wconf 85' lang='lat' dir='ltr'><strong>in</strong></span> <span class='ocrx_word' id='word_1_24' title='bbox 2092 385 2185 432; x_wconf 84' lang='lat' dir='ltr'><strong>quo</strong></span> <span class='ocrx_word' id='word_1_25' title='bbox 2220 372 2293 419; x_wconf 78' lang='lat' dir='ltr'><strong>vir</strong></span> 
     </span>
     <span class='ocr_line' id='line_1_4' title="bbox 201 444 2292 527; baseline 0.004 -29"><span class='ocrx_word' id='word_1_26' title='bbox 201 450 397 511; x_wconf 73' lang='lat' dir='ltr'><strong>doctu8‚</strong></span> <span class='ocrx_word' id='word_1_27' title='bbox 454 454 829 502; x_wconf 78' lang='lat' dir='ltr'><strong>Fridericus</strong></span> <span class='ocrx_word' id='word_1_28' title='bbox 861 453 1270 527; x_wconf 70' lang='lat' dir='ltr'><strong><em>Christianus</em></strong></span> <span class='ocrx_word' id='word_1_29' title='bbox 1303 451 1666 519; x_wconf 78' lang='lat' dir='ltr'><strong>Hau&#39;gsted,</strong></span> <span class='ocrx_word' id='word_1_30' title='bbox 1729 444 1979 505; x_wconf 82' lang='lat' dir='ltr'><strong>medicinae</strong></span> <span class='ocrx_word' id='word_1_31' title='bbox 2010 457 2292 512; x_wconf 78' lang='lat' dir='ltr'><strong>licentiatus,</strong></span> 
     </span>
     <span class='ocr_line' id='line_1_5' title="bbox 200 539 2292 602; baseline 0.001 -15"><span class='ocrx_word' id='word_1_32' title='bbox 200 543 281 602; x_wconf 90' lang='lat' dir='ltr'><strong>qui</strong></span> <span class='ocrx_word' id='word_1_33' title='bbox 319 557 375 587; x_wconf 89' lang='lat' dir='ltr'><strong>ea</strong></span> <span class='ocrx_word' id='word_1_34' title='bbox 407 541 628 589; x_wconf 75' lang='lat' dir='ltr'><strong>sollertiae</strong></span> <span class='ocrx_word' id='word_1_35' title='bbox 662 546 948 591; x_wconf 84' lang='lat' dir='ltr'><strong>documenta</strong></span> <span class='ocrx_word' id='word_1_36' title='bbox 982 545 1145 601; x_wconf 78' lang='lat' dir='ltr'><strong>edidit,</strong></span> <span class='ocrx_word' id='word_1_37' title='bbox 1171 539 1226 590; x_wconf 80' lang='lat' dir='ltr'><strong>ut</strong></span> <span class='ocrx_word' id='word_1_38' title='bbox 1257 560 1466 591; x_wconf 88' lang='lat' dir='ltr'><strong>summos</strong></span> <span class='ocrx_word' id='word_1_39' title='bbox 1500 548 1549 592; x_wconf 84' lang='lat' dir='ltr'><strong>in</strong></span> <span class='ocrx_word' id='word_1_40' title='bbox 1584 563 1668 593; x_wconf 83' lang='lat' dir='ltr'><strong>sua</strong></span> <span class='ocrx_word' id='word_1_41' title='bbox 1694 541 1801 593; x_wconf 78' lang='lat' dir='ltr'><strong>arte</strong></span> <span class='ocrx_word' id='word_1_42' title='bbox 1830 541 2037 592; x_wconf 84' lang='lat' dir='ltr'><strong>honores</strong></span> <span class='ocrx_word' id='word_1_43' title='bbox 2065 547 2292 591; x_wconf 77' lang='lat' dir='ltr'><strong>meruisse</strong></span> 
     </span>
     <span class='ocr_line' id='line_1_6' title="bbox 198 617 2288 695; baseline 0.001 -20"><span class='ocrx_word' id='word_1_44' title='bbox 198 626 413 677; x_wconf 80' lang='lat' dir='ltr'><strong>facultati</strong></span> <span class='ocrx_word' id='word_1_45' title='bbox 446 632 739 679; x_wconf 82' lang='lat' dir='ltr'><strong>medicorum</strong></span> <span class='ocrx_word' id='word_1_46' title='bbox 772 635 901 682; x_wconf 81' lang='lat' dir='ltr'><strong>visus</strong></span> <span class='ocrx_word' id='word_1_47' title='bbox 934 634 1022 687; x_wconf 82' lang='lat' dir='ltr'><strong>sit,</strong></span> <span class='ocrx_word' id='word_1_48' title='bbox 1072 617 1553 693; x_wconf 61' lang='lat' dir='ltr'><strong>regis&#39;augusfissimi</strong></span> <span class='ocrx_word' id='word_1_49' title='bbox 1583 636 1720 683; x_wconf 85' lang='lat' dir='ltr'><strong>venia</strong></span> <span class='ocrx_word' id='word_1_50' title='bbox 1763 627 1853 695; x_wconf 74' lang='lat' dir='ltr'><strong>pei·</strong></span> <span class='ocrx_word' id='word_1_51' title='bbox 1881 649 1964 681; x_wconf 85' lang='lat' dir='ltr'><strong>cos</strong></span> <span class='ocrx_word' id='word_1_52' title='bbox 1995 634 2149 693; x_wconf 84' lang='lat' dir='ltr'><strong>viros,</strong></span> <span class='ocrx_word' id='word_1_53' title='bbox 2210 634 2288 695; x_wconf 81' lang='lat' dir='ltr'><strong>qui</strong></span> 
     </span>
     <span class='ocr_line' id='line_1_7' title="bbox 196 706 1855 780; baseline 0.002 -16"><span class='ocrx_word' id='word_1_54' title='bbox 196 715 338 764; x_wconf 79' lang='lat' dir='ltr'><strong>rebus</strong></span> <span class='ocrx_word' id='word_1_55' title='bbox 375 717 652 765; x_wconf 70' lang='lat' dir='ltr'><strong>academicis</strong></span> <span class='ocrx_word' id='word_1_56' title='bbox 684 729 925 780; x_wconf 77' lang='lat' dir='ltr'><strong>praesunt,</strong></span> <span class='ocrx_word' id='word_1_57' title='bbox 973 720 1086 766; x_wconf 82' lang='lat' dir='ltr'><strong>data</strong></span> <span class='ocrx_word' id='word_1_58' title='bbox 1119 721 1367 767; x_wconf 77' lang='lat' dir='ltr'><strong>medicinae</strong></span> <span class='ocrx_word' id='word_1_59' title='bbox 1397 706 1567 769; x_wconf 84' lang='lat' dir='ltr'><strong>doctor</strong></span> <span class='ocrx_word' id='word_1_60' title='bbox 1601 709 1855 769; x_wconf 68' lang='lat' dir='ltr'><strong>creabitur.</strong></span> 
     </span>
    </p>
   </div>
   <div class='ocr_carea' id='block_1_2' title="bbox 365 844 2289 910">
    <p class='ocr_par' dir='ltr' id='par_1_2' title="bbox 365 844 2289 910">
     <span class='ocr_line' id='line_1_8' title="bbox 365 844 2289 910; baseline 0.001 -17"><span class='ocrx_word' id='word_1_61' title='bbox 365 849 411 893; x_wconf 88' lang='lat' dir='ltr'><strong>Is</strong></span> <span class='ocrx_word' id='word_1_62' title='bbox 455 865 560 910; x_wconf 86' lang='lat' dir='ltr'><strong>quae</strong></span> <span class='ocrx_word' id='word_1_63' title='bbox 596 851 659 894; x_wconf 76' lang='lat' dir='ltr'><strong>de</strong></span> <span class='ocrx_word' id='word_1_64' title='bbox 702 852 801 895; x_wconf 78' lang='lat' dir='ltr'><strong>vita</strong></span> <span class='ocrx_word' id='word_1_65' title='bbox 839 865 926 895; x_wconf 80' lang='lat' dir='ltr'><strong>sua</strong></span> <span class='ocrx_word' id='word_1_66' title='bbox 966 851 1217 896; x_wconf 81' lang='lat' dir='ltr'><strong>nobiscum</strong></span> <span class='ocrx_word' id='word_1_67' title='bbox 1258 844 1653 909; x_wconf 79' lang='lat' dir='ltr'><strong>communicavit,</strong></span> <span class='ocrx_word' id='word_1_68' title='bbox 1721 853 1872 910; x_wconf 80' lang='lat' dir='ltr'><strong>ipsius</strong></span> <span class='ocrx_word' id='word_1_69' title='bbox 1905 852 2064 897; x_wconf 81' lang='lat' dir='ltr'><strong>verbis</strong></span> <span class='ocrx_word' id='word_1_70' title='bbox 2095 857 2289 897; x_wconf 81' lang='lat' dir='ltr'><strong>narrata</strong></span> 
     </span>
    </p>
   </div>
   <div class='ocr_carea' id='block_1_3' title="bbox 193 937 483 985">
    <p class='ocr_par' dir='ltr' id='par_1_3' title="bbox 193 937 483 985">
     <span class='ocr_line' id='line_1_9' title="bbox 193 937 483 985; baseline -0.003 0"><span class='ocrx_word' id='word_1_71' title='bbox 193 937 483 985; x_wconf 69' lang='lat' dir='ltr'><strong>subiicimus.</strong></span> 
     </span>
    </p>
   </div>
   <div class='ocr_carea' id='block_1_4' title="bbox 814 1032 1669 1099">
    <p class='ocr_par' dir='ltr' id='par_1_4' title="bbox 814 1032 1669 1099">
     <span class='ocr_line' id='line_1_10' title="bbox 814 1032 1669 1099; baseline 0.001 -1"><span class='ocrx_word' id='word_1_72' title='bbox 814 1032 1350 1098; x_wconf 85' lang='lat' dir='ltr'><strong>Curriculum</strong></span> <span class='ocrx_word' id='word_1_73' title='bbox 1419 1033 1669 1099; x_wconf 84' lang='lat' dir='ltr'><strong>vitae.</strong></span> 
     </span>
    </p>
   </div>
   <div class='ocr_carea' id='block_1_5' title="bbox 182 1137 2293 2797">
    <p class='ocr_par' dir='ltr' id='par_1_5' title="bbox 182 1137 2293 2797">
     <span class='ocr_line' id='line_1_11' title="bbox 191 1137 2288 1210; baseline -0 -10"><span class='ocrx_word' id='word_1_74' title='bbox 191 1137 383 1205; x_wconf 72' lang='lat' dir='ltr'><strong>Natus</strong></span> <span class='ocrx_word' id='word_1_75' title='bbox 404 1170 514 1200; x_wconf 72' lang='lat' dir='ltr'><strong>sam</strong></span> <span class='ocrx_word' id='word_1_76' title='bbox 534 1144 923 1200; x_wconf 76' lang='lat' dir='ltr'><strong>FRIDERICUS</strong></span> <span class='ocrx_word' id='word_1_77' title='bbox 952 1154 1378 1210; x_wconf 69' lang='lat' dir='ltr'><strong>cnmsnANth</strong></span> <span class='ocrx_word' id='word_1_78' title='bbox 1405 1156 1764 1203; x_wconf 81' lang='lat' dir='ltr'><strong>HAUGSTED</strong></span> <span class='ocrx_word' id='word_1_79' title='bbox 1784 1156 1865 1201; x_wconf 72' lang='lat' dir='ltr'><strong>aze</strong></span> <span class='ocrx_word' id='word_1_80' title='bbox 1893 1156 2090 1202; x_wconf 81' lang='lat' dir='ltr'><em>XXIV</em></span> <span class='ocrx_word' id='word_1_81' title='bbox 2105 1155 2288 1200; x_wconf 66' lang='lat' dir='ltr'><strong>mensis</strong></span> 
     </span>
     <span class='ocr_line' id='line_1_12' title="bbox 192 1240 2288 1304; baseline -0.001 -15"><span class='ocrx_word' id='word_1_82' title='bbox 192 1242 371 1289; x_wconf 82' lang='lat' dir='ltr'><strong>Martii</strong></span> <span class='ocrx_word' id='word_1_83' title='bbox 400 1242 524 1287; x_wconf 86' lang='lat' dir='ltr'><strong>anni</strong></span> <span class='ocrx_word' id='word_1_84' title='bbox 563 1241 831 1289; x_wconf 77' lang='lat' dir='ltr'><em>MDCCC]</em></span> <span class='ocrx_word' id='word_1_85' title='bbox 832 1242 888 1287; x_wconf 92' lang='lat' dir='ltr'><em>V</em></span> <span class='ocrx_word' id='word_1_86' title='bbox 913 1241 964 1286; x_wconf 86' lang='lat' dir='ltr'><strong>in</strong></span> <span class='ocrx_word' id='word_1_87' title='bbox 1004 1242 1203 1302; x_wconf 81' lang='lat' dir='ltr'><strong>pr&#39;aeclio</strong></span> <span class='ocrx_word' id='word_1_88' title='bbox 1241 1244 1434 1288; x_wconf 85' lang='lat' dir='ltr'><strong>Fionioe</strong></span> <span class='ocrx_word' id='word_1_89' title='bbox 1480 1242 1871 1304; x_wconf 73' lang='lat' dir='ltr'><strong>Kroghenlund,</strong></span> <span class='ocrx_word' id='word_1_90' title='bbox 1927 1250 2081 1304; x_wconf 85' lang='lat' dir='ltr'><strong>patre</strong></span> <span class='ocrx_word' id='word_1_91' title='bbox 2126 1240 2288 1287; x_wconf 75' lang='lat' dir='ltr'><strong>caris-²</strong></span> 
     </span>
     <span class='ocr_line' id='line_1_13' title="bbox 192 1320 2286 1392; baseline -0.001 -17"><span class='ocrx_word' id='word_1_92' title='bbox 192 1328 315 1375; x_wconf 79' lang='lat' dir='ltr'><strong>simo</strong></span> <span class='ocrx_word' id='word_1_93' title='bbox 381 1329 588 1376; x_wconf 85' lang='lat' dir='ltr'><strong>Nicolao</strong></span> <span class='ocrx_word' id='word_1_94' title='bbox 648 1329 870 1376; x_wconf 83' lang='lat' dir='ltr'><strong>Henrico</strong></span> <span class='ocrx_word' id='word_1_95' title='bbox 928 1330 1228 1390; x_wconf 79' lang='lat' dir='ltr'><strong>Haugsted‚</strong></span> <span class='ocrx_word' id='word_1_96' title='bbox 1288 1339 1470 1392; x_wconf 82' lang='lat' dir='ltr'><strong>postea</strong></span> <span class='ocrx_word' id='word_1_97' title='bbox 1520 1331 1709 1392; x_wconf 84' lang='lat' dir='ltr'><strong>proedii</strong></span> <span class='ocrx_word' id='word_1_98' title='bbox 1775 1331 1925 1379; x_wconf 80' lang='lat' dir='ltr'><strong>S‘o‘ebo</strong></span> <span class='ocrx_word' id='word_1_99' title='bbox 1985 1320 2286 1392; x_wconf 46' lang='lat' dir='ltr'><strong>possessore}</strong></span> 
     </span>
     <span class='ocr_line' id='line_1_14' title="bbox 192 1404 2283 1481; baseline -0 -19"><span class='ocrx_word' id='word_1_100' title='bbox 192 1429 336 1479; x_wconf 80' lang='lat' dir='ltr'><strong>quem</strong></span> <span class='ocrx_word' id='word_1_101' title='bbox 381 1416 647 1478; x_wconf 77' lang='lat' dir='ltr'><strong>apoplexia</strong></span> <span class='ocrx_word' id='word_1_102' title='bbox 688 1425 806 1464; x_wconf 85' lang='lat' dir='ltr'><strong>ante</strong></span> <span class='ocrx_word' id='word_1_103' title='bbox 846 1416 936 1464; x_wconf 66' lang='lat' dir='ltr'><strong>hoa</strong></span> <span class='ocrx_word' id='word_1_104' title='bbox 977 1424 1086 1463; x_wconf 75' lang='lat' dir='ltr'><strong>tres&#39;</strong></span> <span class='ocrx_word' id='word_1_105' title='bbox 1119 1404 1281 1464; x_wconf 77' lang='lat' dir='ltr'><strong>annos</strong></span> <span class='ocrx_word' id='word_1_106' title='bbox 1311 1417 1585 1479; x_wconf 83' lang='lat' dir='ltr'><strong>afflictum,</strong></span> <span class='ocrx_word' id='word_1_107' title='bbox 1652 1426 1702 1464; x_wconf 85' lang='lat' dir='ltr'><strong>et</strong></span> <span class='ocrx_word' id='word_1_108' title='bbox 1740 1435 1800 1465; x_wconf 81' lang='lat' dir='ltr'><strong>ex</strong></span> <span class='ocrx_word' id='word_1_109' title='bbox 1830 1434 1887 1465; x_wconf 88' lang='lat' dir='ltr'><strong>eo</strong></span> <span class='ocrx_word' id='word_1_110' title='bbox 1921 1419 2033 1481; x_wconf 77' lang='lat' dir='ltr'><strong>ipso</strong></span> <span class='ocrx_word' id='word_1_111' title='bbox 2067 1425 2283 1478; x_wconf 82' lang='lat' dir='ltr'><strong>tempore</strong></span> 
     </span>
     <span class='ocr_line' id='line_1_15' title="bbox 191 1484 2284 1568; baseline -0.001 -17"><span class='ocrx_word' id='word_1_112' title='bbox 191 1503 635 1561; x_wconf 72' lang='lat' dir='ltr'><strong>valetudinarium,</strong></span> <span class='ocrx_word' id='word_1_113' title='bbox 697 1504 789 1552; x_wconf 78' lang='lat' dir='ltr'><strong>hoc</strong></span> <span class='ocrx_word' id='word_1_114' title='bbox 826 1519 961 1551; x_wconf 89' lang='lat' dir='ltr'><strong>anno</strong></span> <span class='ocrx_word' id='word_1_115' title='bbox 1002 1504 1295 1568; x_wconf 78' lang='lat' dir='ltr'><strong>defunctum</strong></span> <span class='ocrx_word' id='word_1_116' title='bbox 1338 1484 1484 1568; x_wconf 79' lang='lat' dir='ltr'><strong>lugeo</strong></span> <span class='ocrx_word' id='word_1_117' title='bbox 1491 1519 1530 1561; x_wconf 85' lang='lat'><strong>,·</strong></span> <span class='ocrx_word' id='word_1_118' title='bbox 1576 1514 1733 1552; x_wconf 88' lang='lat' dir='ltr'><strong>matre</strong></span> <span class='ocrx_word' id='word_1_119' title='bbox 1767 1513 1936 1552; x_wconf 88' lang='lat' dir='ltr'><strong>autem</strong></span> <span class='ocrx_word' id='word_1_120' title='bbox 1969 1504 2284 1551; x_wconf 76' lang='lat' dir='ltr'><strong>dilectissima</strong></span> 
     </span>
     <span class='ocr_line' id='line_1_16' title="bbox 190 1575 2248 1656; baseline -0.001 -18"><span class='ocrx_word' id='word_1_121' title='bbox 190 1575 422 1639; x_wconf 75' lang='lat' dir='ltr'><strong>[ohanna</strong></span> <span class='ocrx_word' id='word_1_122' title='bbox 445 1593 691 1641; x_wconf 73' lang='lat' dir='ltr'><strong>christina</strong></span> <span class='ocrx_word' id='word_1_123' title='bbox 715 1593 1001 1654; x_wconf 80' lang='lat' dir='ltr'><strong>Haugsted,</strong></span> <span class='ocrx_word' id='word_1_124' title='bbox 1025 1601 1348 1655; x_wconf 86' lang='lat' dir='ltr'><strong>proematura</strong></span> <span class='ocrx_word' id='word_1_125' title='bbox 1363 1606 1366 1609; x_wconf 88' lang='grc'>·</span> <span class='ocrx_word' id='word_1_126' title='bbox 1379 1601 1536 1639; x_wconf 82' lang='lat' dir='ltr'><strong>morte</strong></span> <span class='ocrx_word' id='word_1_127' title='bbox 1559 1595 1676 1656; x_wconf 88' lang='lat' dir='ltr'><strong>jam</strong></span> <span class='ocrx_word' id='word_1_128' title='bbox 1709 1595 1896 1641; x_wconf 85' lang='lat' dir='ltr'><strong>dudum</strong></span> <span class='ocrx_word' id='word_1_129' title='bbox 1930 1594 2033 1640; x_wconf 73' lang='lat' dir='ltr'><strong>suis</strong></span> <span class='ocrx_word' id='word_1_130' title='bbox 2065 1599 2248 1653; x_wconf 86' lang='lat' dir='ltr'><strong>erepta.</strong></span> 
     </span>
     <span class='ocr_line' id='line_1_17' title="bbox 363 1660 2283 1743; baseline -0.003 -15"><span class='ocrx_word' id='word_1_131' title='bbox 363 1680 561 1728; x_wconf 79' lang='lat' dir='ltr'><strong>Eximia</strong></span> <span class='ocrx_word' id='word_1_132' title='bbox 594 1694 717 1727; x_wconf 86' lang='lat' dir='ltr'><strong>cura</strong></span> <span class='ocrx_word' id='word_1_133' title='bbox 763 1696 842 1726; x_wconf 86' lang='lat' dir='ltr'><strong>me</strong></span> <span class='ocrx_word' id='word_1_134' title='bbox 882 1660 1158 1726; x_wconf 79' lang='lat' dir='ltr'><strong>educarunt</strong></span> <span class='ocrx_word' id='word_1_135' title='bbox 1182 1689 1422 1742; x_wconf 78' lang='lat' dir='ltr'><strong>parentes</strong></span> <span class='ocrx_word' id='word_1_136' title='bbox 1457 1682 1653 1743; x_wconf 85' lang='lat' dir='ltr'><strong>optimi,</strong></span> <span class='ocrx_word' id='word_1_137' title='bbox 1712 1689 1762 1726; x_wconf 82' lang='lat' dir='ltr'><strong>et</strong></span> <span class='ocrx_word' id='word_1_138' title='bbox 1814 1681 2011 1727; x_wconf 77' lang='lat' dir='ltr'><strong>scholae</strong></span> <span class='ocrx_word' id='word_1_139' title='bbox 2066 1680 2283 1724; x_wconf 84' lang='lat' dir='ltr'><strong>elemen-</strong></span> 
     </span>
     <span class='ocr_line' id='line_1_18' title="bbox 189 1764 2283 1830; baseline -0.001 -17"><span class='ocrx_word' id='word_1_140' title='bbox 189 1766 335 1815; x_wconf 84' lang='lat' dir='ltr'><strong>tariae</strong></span> <span class='ocrx_word' id='word_1_141' title='bbox 393 1769 667 1815; x_wconf 78' lang='lat' dir='ltr'><strong>Othiniensi</strong></span> <span class='ocrx_word' id='word_1_142' title='bbox 723 1784 940 1830; x_wconf 87' lang='lat' dir='ltr'><strong>puerum</strong></span> <span class='ocrx_word' id='word_1_143' title='bbox 1000 1768 1251 1815; x_wconf 73' lang='lat' dir='ltr'><strong>elementia</strong></span> <span class='ocrx_word' id='word_1_144' title='bbox 1318 1770 1576 1815; x_wconf 80' lang='lat' dir='ltr'><strong>literarum</strong></span> <span class='ocrx_word' id='word_1_145' title='bbox 1638 1770 1949 1816; x_wconf 85' lang='lat' dir='ltr'><strong>imbuendum</strong></span> <span class='ocrx_word' id='word_1_146' title='bbox 2016 1764 2283 1814; x_wconf 81' lang='lat' dir='ltr'><strong>tradidere.</strong></span> 
     </span>
     <span class='ocr_line' id='line_1_19' title="bbox 191 1840 2283 1917; baseline -0.002 -16"><span class='ocrx_word' id='word_1_147' title='bbox 191 1857 328 1910; x_wconf 85' lang='lat' dir='ltr'><strong>Cum,</strong></span> <span class='ocrx_word' id='word_1_148' title='bbox 362 1872 489 1917; x_wconf 82' lang='lat' dir='ltr'><strong>quae</strong></span> <span class='ocrx_word' id='word_1_149' title='bbox 518 1857 591 1900; x_wconf 88' lang='lat' dir='ltr'><strong>ad</strong></span> <span class='ocrx_word' id='word_1_150' title='bbox 613 1855 827 1916; x_wconf 78' lang='lat' dir='ltr'><strong>puerilis</strong></span> <span class='ocrx_word' id='word_1_151' title='bbox 851 1854 1033 1899; x_wconf 80' lang='lat' dir='ltr'><strong>aetatis</strong></span> <span class='ocrx_word' id='word_1_152' title='bbox 1065 1840 1420 1900; x_wconf 77' lang='lat' dir='ltr'><strong>institutionem</strong></span> <span class='ocrx_word' id='word_1_153' title='bbox 1443 1855 1780 1915; x_wconf 81' lang='lat' dir='ltr'><strong>pertinebant,</strong></span> <span class='ocrx_word' id='word_1_154' title='bbox 1797 1855 1962 1913; x_wconf 85' lang='lat' dir='ltr'><strong>facile</strong></span> <span class='ocrx_word' id='word_1_155' title='bbox 1979 1870 2042 1900; x_wconf 87' lang='lat' dir='ltr'><strong>ac</strong></span> <span class='ocrx_word' id='word_1_156' title='bbox 2059 1852 2283 1900; x_wconf 80' lang='lat' dir='ltr'><strong>celeriter</strong></span> 
     </span>
     <span class='ocr_line' id='line_1_20' title="bbox 182 1933 2280 2004; baseline -0.002 -16"><span class='ocrx_word' id='word_1_157' title='bbox 182 1943 518 2004; x_wconf 88' lang='lat' dir='ltr'><strong>perciperem,</strong></span> <span class='ocrx_word' id='word_1_158' title='bbox 582 1942 841 1987; x_wconf 86' lang='lat' dir='ltr'><strong>literarum</strong></span> <span class='ocrx_word' id='word_1_159' title='bbox 873 1942 1077 1997; x_wconf 77' lang='lat' dir='ltr'><strong>studiis,</strong></span> <span class='ocrx_word' id='word_1_160' title='bbox 1144 1933 1318 2003; x_wconf 73' lang='lat' dir='ltr'><strong>quibus</strong></span> <span class='ocrx_word' id='word_1_161' title='bbox 1351 1942 1563 1987; x_wconf 82' lang='lat' dir='ltr'><strong>maxime</strong></span> <span class='ocrx_word' id='word_1_162' title='bbox 1599 1940 1905 1997; x_wconf 76' lang='lat' dir='ltr'><strong>delectabar,</strong></span> <span class='ocrx_word' id='word_1_163' title='bbox 1965 1949 2160 1988; x_wconf 83' lang='lat' dir='ltr'><strong>mature</strong></span> <span class='ocrx_word' id='word_1_164' title='bbox 2190 1938 2280 1984; x_wconf 86' lang='lat' dir='ltr'><strong>de-</strong></span> 
     </span>
     <span class='ocr_line' id='line_1_21' title="bbox 189 2024 2280 2089; baseline -0.002 -14"><span class='ocrx_word' id='word_1_165' title='bbox 189 2030 401 2075; x_wconf 79' lang='lat' dir='ltr'><strong>stinatus</strong></span> <span class='ocrx_word' id='word_1_166' title='bbox 420 2030 540 2089; x_wconf 83' lang='lat' dir='ltr'><strong>fui,</strong></span> <span class='ocrx_word' id='word_1_167' title='bbox 585 2038 635 2075; x_wconf 88' lang='lat' dir='ltr'><strong>et</strong></span> <span class='ocrx_word' id='word_1_168' title='bbox 675 2044 806 2075; x_wconf 88' lang='lat' dir='ltr'><strong>anno</strong></span> <span class='ocrx_word' id='word_1_169' title='bbox 839 2029 1177 2076; x_wconf 85' lang='lat' dir='ltr'><em>MDCCCXV</em></span> <span class='ocrx_word' id='word_1_170' title='bbox 1213 2028 1411 2074; x_wconf 76' lang='lat' dir='ltr'><strong>scholae</strong></span> <span class='ocrx_word' id='word_1_171' title='bbox 1445 2027 1748 2084; x_wconf 82' lang='lat' dir='ltr'><strong>cathedrali,</strong></span> <span class='ocrx_word' id='word_1_172' title='bbox 1802 2028 2030 2075; x_wconf 77' lang='lat' dir='ltr'><strong>Othiniae</strong></span> <span class='ocrx_word' id='word_1_173' title='bbox 2056 2024 2280 2087; x_wconf 86' lang='lat' dir='ltr'><strong>florenti,</strong></span> 
     </span>
     <span class='ocr_line' id='line_1_22' title="bbox 190 2112 2282 2180; baseline -0.002 -17"><span class='ocrx_word' id='word_1_174' title='bbox 190 2118 408 2165; x_wconf 78' lang='lat' dir='ltr'><strong>traditus</strong></span> <span class='ocrx_word' id='word_1_175' title='bbox 460 2134 595 2179; x_wconf 80' lang='lat' dir='ltr'><strong>sum,</strong></span> <span class='ocrx_word' id='word_1_176' title='bbox 677 2133 828 2180; x_wconf 81' lang='lat' dir='ltr'><strong>quam</strong></span> <span class='ocrx_word' id='word_1_177' title='bbox 882 2116 1102 2163; x_wconf 79' lang='lat' dir='ltr'><strong>scholam</strong></span> <span class='ocrx_word' id='word_1_178' title='bbox 1164 2124 1269 2163; x_wconf 81' lang='lat' dir='ltr'><strong>tum</strong></span> <span class='ocrx_word' id='word_1_179' title='bbox 1336 2125 1499 2163; x_wconf 82' lang='lat' dir='ltr'><strong>rector</strong></span> <span class='ocrx_word' id='word_1_180' title='bbox 1564 2115 1924 2170; x_wconf 77' lang='lat' dir='ltr'><strong>celeberrimus,</strong></span> <span class='ocrx_word' id='word_1_181' title='bbox 2007 2112 2282 2174; x_wconf 76' lang='lat' dir='ltr'><strong>Professor</strong></span> 
     </span>
     <span class='ocr_line' id='line_1_23' title="bbox 188 2198 2281 2268; baseline -0.002 -16"><span class='ocrx_word' id='word_1_182' title='bbox 188 2207 255 2252; x_wconf 91' lang='lat' dir='ltr'><strong>L.</strong></span> <span class='ocrx_word' id='word_1_183' title='bbox 296 2205 518 2268; x_wconf 85' lang='lat' dir='ltr'><strong>Heiberg</strong></span> <span class='ocrx_word' id='word_1_184' title='bbox 527 2240 544 2262; x_wconf 93' lang='lat'>,</span> <span class='ocrx_word' id='word_1_185' title='bbox 596 2214 776 2267; x_wconf 78' lang='lat' dir='ltr'><strong>postea</strong></span> <span class='ocrx_word' id='word_1_186' title='bbox 819 2198 936 2253; x_wconf 61' lang='lat' dir='ltr'><strong>aero</strong></span> <span class='ocrx_word' id='word_1_187' title='bbox 978 2204 1298 2267; x_wconf 73' lang='lat' dir='ltr'><strong>dignissimus</strong></span> <span class='ocrx_word' id='word_1_188' title='bbox 1340 2206 1452 2267; x_wconf 77' lang='lat' dir='ltr'><strong>ejus</strong></span> <span class='ocrx_word' id='word_1_189' title='bbox 1493 2218 1741 2250; x_wconf 74' lang='lat' dir='ltr'><strong>successor</strong></span> <span class='ocrx_word' id='word_1_190' title='bbox 1786 2203 1831 2249; x_wconf 93' lang='lat' dir='ltr'><strong>I.</strong></span> <span class='ocrx_word' id='word_1_191' title='bbox 1874 2201 2129 2264; x_wconf 75' lang='lat' dir='ltr'><strong>Saxtorph</strong></span> <span class='ocrx_word' id='word_1_192' title='bbox 2170 2216 2281 2248; x_wconf 86' lang='lat' dir='ltr'><strong>mo-</strong></span> 
     </span>
     <span class='ocr_line' id='line_1_24' title="bbox 189 2289 2280 2355; baseline -0.003 -14"><span class='ocrx_word' id='word_1_193' title='bbox 189 2292 484 2349; x_wconf 84' lang='lat' dir='ltr'><strong>derabatur,</strong></span> <span class='ocrx_word' id='word_1_194' title='bbox 532 2309 744 2355; x_wconf 84' lang='lat' dir='ltr'><strong>quorum</strong></span> <span class='ocrx_word' id='word_1_195' title='bbox 778 2293 997 2340; x_wconf 73' lang='lat' dir='ltr'><strong>virorum</strong></span> <span class='ocrx_word' id='word_1_196' title='bbox 1029 2291 1292 2353; x_wconf 79' lang='lat' dir='ltr'><strong>disciplina</strong></span> <span class='ocrx_word' id='word_1_197' title='bbox 1323 2290 1497 2336; x_wconf 84' lang='lat' dir='ltr'><strong>eximio</strong></span> <span class='ocrx_word' id='word_1_198' title='bbox 1531 2305 1642 2335; x_wconf 83' lang='lat' dir='ltr'><strong>cum</strong></span> <span class='ocrx_word' id='word_1_199' title='bbox 1665 2289 1825 2350; x_wconf 85' lang='lat' dir='ltr'><strong>frutu</strong></span> <span class='ocrx_word' id='word_1_200' title='bbox 1859 2305 1979 2336; x_wconf 78' lang='lat' dir='ltr'><strong>usus</strong></span> <span class='ocrx_word' id='word_1_201' title='bbox 2009 2304 2117 2336; x_wconf 77' lang='lat' dir='ltr'><strong>sum</strong></span> <span class='ocrx_word' id='word_1_202' title='bbox 2126 2321 2145 2344; x_wconf 93' lang='lat'><em>,</em></span> <span class='ocrx_word' id='word_1_203' title='bbox 2183 2289 2280 2334; x_wconf 83' lang='lat' dir='ltr'><strong>do-</strong></span> 
     </span>
     <span class='ocr_line' id='line_1_25' title="bbox 188 2376 2276 2446; baseline -0.002 -19"><span class='ocrx_word' id='word_1_204' title='bbox 188 2396 276 2427; x_wconf 85' lang='lat' dir='ltr'><strong>nec</strong></span> <span class='ocrx_word' id='word_1_205' title='bbox 304 2376 437 2426; x_wconf 88' lang='lat' dir='ltr'><strong>anno</strong></span> <span class='ocrx_word' id='word_1_206' title='bbox 468 2381 868 2430; x_wconf 83' lang='lat' dir='ltr'><strong><em>MDCCCXXII</em></strong></span> <span class='ocrx_word' id='word_1_207' title='bbox 892 2382 965 2428; x_wconf 87' lang='lat' dir='ltr'><strong>ad</strong></span> <span class='ocrx_word' id='word_1_208' title='bbox 994 2380 1180 2427; x_wconf 85' lang='lat' dir='ltr'><strong>almam</strong></span> <span class='ocrx_word' id='word_1_209' title='bbox 1211 2386 1433 2425; x_wconf 75' lang='lat' dir='ltr'><strong>nostram</strong></span> <span class='ocrx_word' id='word_1_210' title='bbox 1477 2378 1858 2443; x_wconf 73' lang='lat' dir='ltr'><strong>Universitatem</strong></span> <span class='ocrx_word' id='word_1_211' title='bbox 1891 2376 2122 2423; x_wconf 78' lang='lat' dir='ltr'><strong>dimissus</strong></span> <span class='ocrx_word' id='word_1_212' title='bbox 2139 2390 2276 2446; x_wconf 59' lang='lat' dir='ltr'><strong>cum,</strong></span> 
     </span>
     <span class='ocr_line' id='line_1_26' title="bbox 186 2464 2278 2531; baseline -0.004 -16"><span class='ocrx_word' id='word_1_213' title='bbox 186 2470 240 2515; x_wconf 86' lang='lat' dir='ltr'><strong>in</strong></span> <span class='ocrx_word' id='word_1_214' title='bbox 273 2483 374 2531; x_wconf 82' lang='lat' dir='ltr'><strong>qua</strong></span> <span class='ocrx_word' id='word_1_215' title='bbox 403 2481 608 2512; x_wconf 85' lang='lat' dir='ltr'><strong>examen</strong></span> <span class='ocrx_word' id='word_1_216' title='bbox 640 2469 825 2514; x_wconf 86' lang='lat' dir='ltr'><strong>artium</strong></span> <span class='ocrx_word' id='word_1_217' title='bbox 854 2468 1130 2516; x_wconf 79' lang='lat' dir='ltr'><strong>liberalium</strong></span> <span class='ocrx_word' id='word_1_218' title='bbox 1164 2466 1237 2512; x_wconf 83' lang='lat' dir='ltr'><strong>ita</strong></span> <span class='ocrx_word' id='word_1_219' title='bbox 1268 2465 1480 2511; x_wconf 78' lang='lat' dir='ltr'><strong>sustinni</strong></span> <span class='ocrx_word' id='word_1_220' title='bbox 1488 2498 1506 2521; x_wconf 93' lang='lat'>,</span> <span class='ocrx_word' id='word_1_221' title='bbox 1569 2474 1626 2511; x_wconf 86' lang='lat' dir='ltr'><strong>ut</strong></span> <span class='ocrx_word' id='word_1_222' title='bbox 1677 2466 1852 2512; x_wconf 70' lang='lat' dir='ltr'><strong>civium</strong></span> <span class='ocrx_word' id='word_1_223' title='bbox 1882 2464 2278 2511; x_wconf 82' lang='lat' dir='ltr'><strong>academicorum</strong></span> 
     </span>
     <span class='ocr_line' id='line_1_27' title="bbox 184 2551 2293 2616; baseline -0.003 -14"><span class='ocrx_word' id='word_1_224' title='bbox 184 2552 386 2602; x_wconf 87' lang='lat' dir='ltr'><strong>numero</strong></span> <span class='ocrx_word' id='word_1_225' title='bbox 416 2555 682 2602; x_wconf 79' lang='lat' dir='ltr'><strong>laudabilis</strong></span> <span class='ocrx_word' id='word_1_226' title='bbox 714 2556 1035 2604; x_wconf 78' lang='lat' dir='ltr'><strong>adscribet-er.</strong></span> <span class='ocrx_word' id='word_1_227' title='bbox 1101 2555 1299 2604; x_wconf 86' lang='lat' dir='ltr'><strong>Deinde</strong></span> <span class='ocrx_word' id='word_1_228' title='bbox 1331 2569 1441 2600; x_wconf 84' lang='lat' dir='ltr'><strong>cum</strong></span> <span class='ocrx_word' id='word_1_229' title='bbox 1468 2570 1568 2616; x_wconf 90' lang='lat' dir='ltr'><strong>per</strong></span> <span class='ocrx_word' id='word_1_230' title='bbox 1601 2563 1787 2601; x_wconf 88' lang='lat' dir='ltr'><strong>annum</strong></span> <span class='ocrx_word' id='word_1_231' title='bbox 1822 2553 2003 2609; x_wconf 79' lang='lat' dir='ltr'><strong>literis,</strong></span> <span class='ocrx_word' id='word_1_232' title='bbox 2047 2568 2173 2615; x_wconf 84' lang='lat' dir='ltr'><strong>quae</strong></span> <span class='ocrx_word' id='word_1_233' title='bbox 2206 2551 2279 2597; x_wconf 90' lang='lat' dir='ltr'><strong>ad</strong></span> <span class='ocrx_word' id='word_1_234' title='bbox 2291 2570 2293 2572; x_wconf 61' lang='grc'>’</span> 
     </span>
     <span class='ocr_line' id='line_1_28' title="bbox 185 2628 2279 2705; baseline -0.003 -13"><span class='ocrx_word' id='word_1_235' title='bbox 185 2643 542 2692; x_wconf 79' lang='lat' dir='ltr'><strong>humanitatem</strong></span> <span class='ocrx_word' id='word_1_236' title='bbox 574 2643 627 2690; x_wconf 88' lang='lat' dir='ltr'><strong>in</strong></span> <span class='ocrx_word' id='word_1_237' title='bbox 659 2643 942 2692; x_wconf 71' lang='lat' dir='ltr'><strong>universum</strong></span> <span class='ocrx_word' id='word_1_238' title='bbox 972 2644 1289 2690; x_wconf 84' lang='lat' dir='ltr'><strong>excolendam</strong></span> <span class='ocrx_word' id='word_1_239' title='bbox 1310 2640 1545 2702; x_wconf 80' lang='lat' dir='ltr'><strong>faciunt,</strong></span> <span class='ocrx_word' id='word_1_240' title='bbox 1594 2628 1795 2705; x_wconf 72' lang='lat' dir='ltr'><strong>operam</strong></span> <span class='ocrx_word' id='word_1_241' title='bbox 1827 2642 2098 2697; x_wconf 78' lang='lat' dir='ltr'><strong>dedissem,</strong></span> <span class='ocrx_word' id='word_1_242' title='bbox 2134 2652 2279 2685; x_wconf 85' lang='lat' dir='ltr'><strong>eum-</strong></span> 
     </span>
     <span class='ocr_line' id='line_1_29' title="bbox 186 2711 2278 2797; baseline -0.004 -17"><span class='ocrx_word' id='word_1_243' title='bbox 186 2748 279 2797; x_wconf 79' lang='lat' dir='ltr'><strong>que</strong></span> <span class='ocrx_word' id='word_1_244' title='bbox 310 2733 363 2779; x_wconf 91' lang='lat' dir='ltr'><strong>in</strong></span> <span class='ocrx_word' id='word_1_245' title='bbox 386 2730 545 2794; x_wconf 87' lang='lat' dir='ltr'><strong>finem</strong></span> <span class='ocrx_word' id='word_1_246' title='bbox 578 2732 773 2780; x_wconf 73' lang='lat' dir='ltr'><strong>scholas</strong></span> <span class='ocrx_word' id='word_1_247' title='bbox 793 2731 1243 2796; x_wconf 72' lang='lat' dir='ltr'><strong>sreqventavissem</strong></span> <span class='ocrx_word' id='word_1_248' title='bbox 1289 2711 1512 2779; x_wconf 69' lang='lat' dir='ltr'><strong>virorum</strong></span> <span class='ocrx_word' id='word_1_249' title='bbox 1546 2729 1930 2777; x_wconf 77' lang='lat' dir='ltr'><strong>clarissimorum</strong></span> <span class='ocrx_word' id='word_1_250' title='bbox 1964 2729 2074 2779; x_wconf 85' lang='lat' dir='ltr'><strong>Nic.</strong></span> <span class='ocrx_word' id='word_1_251' title='bbox 2102 2725 2278 2787; x_wconf 82' lang='grc' dir='ltr'><strong><em>ΚαΙίἰί,</em></strong></span> 
     </span>
    </p>
   </div>
   <div class='ocr_carea' id='block_1_6' title="bbox 193 2814 2278 2946">
    <p class='ocr_par' dir='ltr' id='par_1_6' title="bbox 193 2814 2278 2946">
     <span class='ocr_line' id='line_1_30' title="bbox 193 2814 2278 2888; baseline -0.005 -15"><span class='ocrx_word' id='word_1_252' title='bbox 193 2825 240 2873; x_wconf 82' lang='lat' dir='ltr'><strong><em>T</em></strong></span> <span class='ocrx_word' id='word_1_253' title='bbox 234 2822 441 2871; x_wconf 70' lang='lat' dir='ltr'><strong>lior-tacit</strong></span> <span class='ocrx_word' id='word_1_254' title='bbox 444 2855 463 2879; x_wconf 89' lang='lat'><em>,</em></span> <span class='ocrx_word' id='word_1_255' title='bbox 518 2821 838 2886; x_wconf 79' lang='lat' dir='ltr'><strong>Engelstoft,</strong></span> <span class='ocrx_word' id='word_1_256' title='bbox 885 2824 1088 2888; x_wconf 82' lang='lat' dir='ltr'><strong>Degen,</strong></span> <span class='ocrx_word' id='word_1_257' title='bbox 1136 2822 1218 2870; x_wconf 68' lang='lat' dir='ltr'><strong>H:</strong></span> <span class='ocrx_word' id='word_1_258' title='bbox 1257 2822 1310 2870; x_wconf 86' lang='lat' dir='ltr'><strong>C.</strong></span> <span class='ocrx_word' id='word_1_259' title='bbox 1353 2818 1556 2883; x_wconf 77' lang='lat' dir='ltr'><strong>Orsted,</strong></span> <span class='ocrx_word' id='word_1_260' title='bbox 1611 2820 1670 2867; x_wconf 90' lang='lat' dir='ltr'><strong>P.</strong></span> <span class='ocrx_word' id='word_1_261' title='bbox 1699 2819 1762 2868; x_wconf 90' lang='lat' dir='ltr'><strong>E.</strong></span> <span class='ocrx_word' id='word_1_262' title='bbox 1792 2819 2006 2880; x_wconf 68' lang='lat' dir='ltr'><strong>Mulier,</strong></span> <span class='ocrx_word' id='word_1_263' title='bbox 2061 2814 2278 2868; x_wconf 70' lang='lat' dir='ltr'><strong>Sibberm</strong></span> 
     </span>
     <span class='ocr_line' id='line_1_31' title="bbox 1994 2903 2024 2946; baseline 0 0"><span class='ocrx_word' id='word_1_264' title='bbox 1994 2903 2024 2946; x_wconf 77' lang='lat'><strong>3</strong></span> 
     </span>
    </p>
   </div>
  </div>
 </body>
</html>
