<?xml version="1.0" encoding="UTF-8"?>
<!DOCTYPE html PUBLIC "-//W3C//DTD XHTML 1.0 Transitional//EN"
    "http://www.w3.org/TR/xhtml1/DTD/xhtml1-transitional.dtd">
<html xmlns="http://www.w3.org/1999/xhtml" xml:lang="en" lang="en">
 <head>
  <title>
</title>
<meta http-equiv="Content-Type" content="text/html;charset=utf-8" />
  <meta name='ocr-system' content='tesseract 3.04.00' />
  <meta name='ocr-capabilities' content='ocr_page ocr_carea ocr_par ocr_line ocrx_word'/>
</head>
<body>
  <div class='ocr_page' id='page_1' title='image "4625150_0013.png"; bbox 0 0 2582 3105; ppageno 0'>
   <div class='ocr_carea' id='block_1_1' title="bbox 290 118 324 170">
    <p class='ocr_par' dir='ltr' id='par_1_1' title="bbox 290 118 324 170">
     <span class='ocr_line' id='line_1_1' title="bbox 290 118 324 170; baseline 0 0"><span class='ocrx_word' id='word_1_1' title='bbox 290 118 324 170; x_wconf 85' lang='lat'><strong>6</strong></span> 
     </span>
    </p>
   </div>
   <div class='ocr_carea' id='block_1_2' title="bbox 226 252 2343 1636">
    <p class='ocr_par' dir='ltr' id='par_1_2' title="bbox 226 252 2343 1636">
     <span class='ocr_line' id='line_1_2' title="bbox 226 252 2339 318; baseline 0.002 -18"><span class='ocrx_word' id='word_1_2' title='bbox 226 254 375 302; x_wconf 74' lang='lat' dir='ltr'><strong>riveti·</strong></span> <span class='ocrx_word' id='word_1_3' title='bbox 416 255 576 311; x_wconf 81' lang='lat' dir='ltr'><strong>crant,</strong></span> <span class='ocrx_word' id='word_1_4' title='bbox 649 256 853 314; x_wconf 82' lang='lat' dir='ltr'><strong>quorum</strong></span> <span class='ocrx_word' id='word_1_5' title='bbox 910 252 994 298; x_wconf 79' lang='lat' dir='ltr'><strong>alii</strong></span> <span class='ocrx_word' id='word_1_6' title='bbox 1032 252 1198 313; x_wconf 64' lang='lat' dir='ltr'><strong>vnitigis</strong></span> <span class='ocrx_word' id='word_1_7' title='bbox 1245 252 1487 312; x_wconf 84' lang='lat' dir='ltr'><strong>integram</strong></span> <span class='ocrx_word' id='word_1_8' title='bbox 1516 252 1666 300; x_wconf 84' lang='lat' dir='ltr'><strong>&#39;illius</strong></span> <span class='ocrx_word' id='word_1_9' title='bbox 1728 257 2016 318; x_wconf 71' lang='lat' dir='ltr'><strong>scripturam</strong></span> <span class='ocrx_word' id='word_1_10' title='bbox 2068 252 2339 318; x_wconf 77' lang='lat' dir='ltr'><strong>servabant,-</strong></span> 
     </span>
     <span class='ocr_line' id='line_1_3' title="bbox 228 342 2337 405; baseline 0.001 -16"><span class='ocrx_word' id='word_1_11' title='bbox 228 351 284 389; x_wconf 88' lang='lat' dir='ltr'><strong>ut</strong></span> <span class='ocrx_word' id='word_1_12' title='bbox 322 343 679 402; x_wconf 76' lang='lat' dir='ltr'><strong>Gottorpie‘nsis</strong></span> <span class='ocrx_word' id='word_1_13' title='bbox 728 350 778 387; x_wconf 84' lang='lat' dir='ltr'><strong>et</strong></span> <span class='ocrx_word' id='word_1_14' title='bbox 828 342 951 388; x_wconf 88' lang='lat' dir='ltr'><strong>alter</strong></span> <span class='ocrx_word' id='word_1_15' title='bbox 994 342 1329 402; x_wconf 82' lang='lat' dir='ltr'><strong>Lugdunensis</strong></span> <span class='ocrx_word' id='word_1_16' title='bbox 1374 347 1425 386; x_wconf 88' lang='lat' dir='ltr'><strong>et</strong></span> <span class='ocrx_word' id='word_1_17' title='bbox 1467 356 1531 387; x_wconf 85' lang='lat' dir='ltr'><strong>ex</strong></span> <span class='ocrx_word' id='word_1_18' title='bbox 1574 343 1905 391; x_wconf 87' lang='lat' dir='ltr'><strong>Lambinianis</strong></span> <span class='ocrx_word' id='word_1_19' title='bbox 1945 344 2188 405; x_wconf 87' lang='lat' dir='ltr'><strong>nonnulli,</strong></span> <span class='ocrx_word' id='word_1_20' title='bbox 2252 346 2337 392; x_wconf 82' lang='lat' dir='ltr'><strong>alii</strong></span> 
     </span>
     <span class='ocr_line' id='line_1_4' title="bbox 231 429 2337 492; baseline 0.001 -15"><span class='ocrx_word' id='word_1_21' title='bbox 231 433 387 477; x_wconf 88' lang='lat' dir='ltr'><strong>minus</strong></span> <span class='ocrx_word' id='word_1_22' title='bbox 420 432 679 491; x_wconf 85' lang='lat' dir='ltr'><strong>&#39;integram</strong></span> <span class='ocrx_word' id='word_1_23' title='bbox 735 437 786 475; x_wconf 89' lang='lat' dir='ltr'><strong>et</strong></span> <span class='ocrx_word' id='word_1_24' title='bbox 837 432 932 475; x_wconf 86' lang='lat' dir='ltr'><strong>iam</strong></span> <span class='ocrx_word' id='word_1_25' title='bbox 987 430 1068 474; x_wconf 89' lang='lat' dir='ltr'><strong>hic</strong></span> <span class='ocrx_word' id='word_1_26' title='bbox 1117 429 1216 474; x_wconf 89' lang='lat' dir='ltr'><strong>illic</strong></span> <span class='ocrx_word' id='word_1_27' title='bbox 1271 430 1579 488; x_wconf 85' lang='lat' dir='ltr'><strong>coniecturis,</strong></span> <span class='ocrx_word' id='word_1_28' title='bbox 1657 438 1715 477; x_wconf 87' lang='lat' dir='ltr'><strong>nt</strong></span> <span class='ocrx_word' id='word_1_29' title='bbox 1765 431 1868 478; x_wconf 89' lang='lat' dir='ltr'><strong>fieri</strong></span> <span class='ocrx_word' id='word_1_30' title='bbox 1922 440 2115 492; x_wconf 85' lang='lat' dir='ltr'><strong>poterat</strong></span> <span class='ocrx_word' id='word_1_31' title='bbox 2129 466 2145 492; x_wconf 90' lang='lat'><strong>,</strong></span> <span class='ocrx_word' id='word_1_32' title='bbox 2221 447 2337 479; x_wconf 86' lang='lat' dir='ltr'><strong>mu·-</strong></span> 
     </span>
     <span class='ocr_line' id='line_1_5' title="bbox 228 516 2338 583; baseline 0.001 -19"><span class='ocrx_word' id='word_1_33' title='bbox 228 524 376 565; x_wconf 82' lang='lat' dir='ltr'><strong>tatam</strong></span> <span class='ocrx_word' id='word_1_34' title='bbox 389 538 407 577; x_wconf 89' lang='lat'><strong>,·</strong></span> <span class='ocrx_word' id='word_1_35' title='bbox 467 533 671 579; x_wconf 88' lang='lat' dir='ltr'><strong>quorum</strong></span> <span class='ocrx_word' id='word_1_36' title='bbox 713 523 788 562; x_wconf 88' lang='lat' dir='ltr'><strong>est</strong></span> <span class='ocrx_word' id='word_1_37' title='bbox 834 517 957 563; x_wconf 86' lang='lat' dir='ltr'><strong>alter</strong></span> <span class='ocrx_word' id='word_1_38' title='bbox 998 516 1351 577; x_wconf 87' lang='lat' dir='ltr'><strong>Lugdunensis</strong></span> <span class='ocrx_word' id='word_1_39' title='bbox 1381 516 1529 580; x_wconf 88' lang='lat' dir='ltr'><strong>(apud</strong></span> <span class='ocrx_word' id='word_1_40' title='bbox 1566 516 1784 566; x_wconf 77' lang='lat' dir='ltr'><strong>Haverc.</strong></span> <span class='ocrx_word' id='word_1_41' title='bbox 1817 519 1890 565; x_wconf 91' lang='lat' dir='ltr'><strong>lit.</strong></span> <span class='ocrx_word' id='word_1_42' title='bbox 1946 517 2002 565; x_wconf 81' lang='lat' dir='ltr'><strong><em>Y</em></strong></span> <span class='ocrx_word' id='word_1_43' title='bbox 2020 517 2244 583; x_wconf 76' lang='lat' dir='ltr'><strong>notatus)</strong></span> <span class='ocrx_word' id='word_1_44' title='bbox 2286 527 2338 567; x_wconf 87' lang='lat' dir='ltr'><strong>et</strong></span> 
     </span>
     <span class='ocr_line' id='line_1_6' title="bbox 229 603 2341 667; baseline 0.001 -14"><span class='ocrx_word' id='word_1_45' title='bbox 229 604 519 653; x_wconf 85' lang='lat' dir='ltr'><strong>Bodleianus</strong></span> <span class='ocrx_word' id='word_1_46' title='bbox 533 639 548 664; x_wconf 91' lang='lat'><strong>,</strong></span> <span class='ocrx_word' id='word_1_47' title='bbox 608 619 734 651; x_wconf 91' lang='lat' dir='ltr'><strong>unus</strong></span> <span class='ocrx_word' id='word_1_48' title='bbox 790 603 961 667; x_wconf 88' lang='lat' dir='ltr'><strong>aliquis</strong></span> <span class='ocrx_word' id='word_1_49' title='bbox 1006 605 1267 652; x_wconf 85' lang='lat' dir='ltr'><strong>admodum</strong></span> <span class='ocrx_word' id='word_1_50' title='bbox 1321 603 1448 652; x_wconf 90' lang='lat' dir='ltr'><strong>male</strong></span> <span class='ocrx_word' id='word_1_51' title='bbox 1500 603 1691 653; x_wconf 88' lang='lat' dir='ltr'><strong>habitus</strong></span> <span class='ocrx_word' id='word_1_52' title='bbox 1743 607 1871 654; x_wconf 90' lang='lat' dir='ltr'><strong>circa</strong></span> <span class='ocrx_word' id='word_1_53' title='bbox 1922 612 2143 667; x_wconf 86' lang='lat' dir='ltr'><strong>tempora</strong></span> <span class='ocrx_word' id='word_1_54' title='bbox 2191 623 2341 656; x_wconf 85' lang='lat' dir='ltr'><strong>rena-</strong></span> 
     </span>
     <span class='ocr_line' id='line_1_7' title="bbox 229 691 2339 757; baseline 0.001 -17"><span class='ocrx_word' id='word_1_55' title='bbox 229 695 463 741; x_wconf 88' lang='lat' dir='ltr'><strong>scentium</strong></span> <span class='ocrx_word' id='word_1_56' title='bbox 494 691 745 740; x_wconf 86' lang='lat' dir='ltr'><strong>literarum</strong></span> <span class='ocrx_word' id='word_1_57' title='bbox 777 694 831 739; x_wconf 93' lang='lat' dir='ltr'><strong>in</strong></span> <span class='ocrx_word' id='word_1_58' title='bbox 862 709 1033 741; x_wconf 87' lang='lat' dir='ltr'><strong>manus</strong></span> <span class='ocrx_word' id='word_1_59' title='bbox 1066 693 1317 741; x_wconf 89' lang='lat' dir='ltr'><strong>hominum</strong></span> <span class='ocrx_word' id='word_1_60' title='bbox 1357 694 1608 742; x_wconf 88' lang='lat' dir='ltr'><strong>doctorum</strong></span> <span class='ocrx_word' id='word_1_61' title='bbox 1643 696 1694 742; x_wconf 92' lang='lat' dir='ltr'><strong>in</strong></span> <span class='ocrx_word' id='word_1_62' title='bbox 1732 694 1867 742; x_wconf 90' lang='lat' dir='ltr'><strong>Italia</strong></span> <span class='ocrx_word' id='word_1_63' title='bbox 1908 692 2065 755; x_wconf 79' lang='lat' dir='ltr'><strong>venit,</strong></span> <span class='ocrx_word' id='word_1_64' title='bbox 2133 708 2196 741; x_wconf 85' lang='lat' dir='ltr'><strong>ex</strong></span> <span class='ocrx_word' id='word_1_65' title='bbox 2242 709 2339 757; x_wconf 87' lang='lat' dir='ltr'><strong>quo</strong></span> 
     </span>
     <span class='ocr_line' id='line_1_8' title="bbox 229 781 2338 846; baseline 0.001 -17"><span class='ocrx_word' id='word_1_66' title='bbox 229 797 354 830; x_wconf 89' lang='lat' dir='ltr'><strong>nova</strong></span> <span class='ocrx_word' id='word_1_67' title='bbox 385 782 616 844; x_wconf 83' lang='lat' dir='ltr'><strong>profluxit</strong></span> <span class='ocrx_word' id='word_1_68' title='bbox 651 781 1039 845; x_wconf 79' lang='lat' dir='ltr'><strong>apographorum</strong></span> <span class='ocrx_word' id='word_1_69' title='bbox 1070 785 1310 845; x_wconf 82' lang='lat' dir='ltr'><strong>propago,</strong></span> <span class='ocrx_word' id='word_1_70' title='bbox 1353 785 1482 846; x_wconf 89' lang='lat' dir='ltr'><strong>quod</strong></span> <span class='ocrx_word' id='word_1_71' title='bbox 1515 782 1728 833; x_wconf 84' lang='lat' dir='ltr'><strong>Lucretii</strong></span> <span class='ocrx_word' id='word_1_72' title='bbox 1760 782 1977 845; x_wconf 88' lang='lat' dir='ltr'><strong>carmen,</strong></span> <span class='ocrx_word' id='word_1_73' title='bbox 2010 784 2095 831; x_wconf 90' lang='lat' dir='ltr'><strong>diu</strong></span> <span class='ocrx_word' id='word_1_74' title='bbox 2138 791 2338 845; x_wconf 87' lang='lat' dir='ltr'><strong>propter</strong></span> 
     </span>
     <span class='ocr_line' id='line_1_9' title="bbox 230 869 2340 936; baseline 0.001 -19"><span class='ocrx_word' id='word_1_75' title='bbox 230 870 563 918; x_wconf 84' lang='lat' dir='ltr'><strong>difficultatem</strong></span> <span class='ocrx_word' id='word_1_76' title='bbox 613 871 819 916; x_wconf 70' lang='lat' dir='ltr'><strong>lectitari</strong></span> <span class='ocrx_word' id='word_1_77' title='bbox 870 873 1076 919; x_wconf 82' lang='lat' dir='ltr'><strong>desitum</strong></span> <span class='ocrx_word' id='word_1_78' title='bbox 1120 877 1225 917; x_wconf 87' lang='lat' dir='ltr'><strong>tum</strong></span> <span class='ocrx_word' id='word_1_79' title='bbox 1265 878 1470 933; x_wconf 84' lang='lat' dir='ltr'><strong>propter</strong></span> <span class='ocrx_word' id='word_1_80' title='bbox 1511 869 1720 936; x_wconf 77' lang='lat' dir='ltr'><strong>antiquae</strong></span> <span class='ocrx_word' id='word_1_81' title='bbox 1771 871 1999 920; x_wconf 84' lang='lat' dir='ltr'><strong>orationis</strong></span> <span class='ocrx_word' id='word_1_82' title='bbox 2041 874 2340 920; x_wconf 85' lang='lat' dir='ltr'><strong>maiestatem</strong></span> 
     </span>
     <span class='ocr_line' id='line_1_10' title="bbox 231 957 2340 1024; baseline 0.001 -19"><span class='ocrx_word' id='word_1_83' title='bbox 231 959 567 1006; x_wconf 81' lang='lat' dir='ltr'><strong>celebrabatur</strong></span> <span class='ocrx_word' id='word_1_84' title='bbox 585 957 654 1020; x_wconf 85' lang='lat'><strong>¹),</strong></span> <span class='ocrx_word' id='word_1_85' title='bbox 688 965 737 1004; x_wconf 89' lang='lat' dir='ltr'><strong>et</strong></span> <span class='ocrx_word' id='word_1_86' title='bbox 766 960 818 1005; x_wconf 91' lang='lat' dir='ltr'><strong>in</strong></span> <span class='ocrx_word' id='word_1_87' title='bbox 851 958 927 1005; x_wconf 89' lang='lat' dir='ltr'><strong>his</strong></span> <span class='ocrx_word' id='word_1_88' title='bbox 964 959 1249 1020; x_wconf 83' lang='lat' dir='ltr'><strong>apographis</strong></span> <span class='ocrx_word' id='word_1_89' title='bbox 1283 959 1496 1022; x_wconf 85' lang='lat' dir='ltr'><strong>grassata</strong></span> <span class='ocrx_word' id='word_1_90' title='bbox 1537 969 1611 1008; x_wconf 88' lang='lat' dir='ltr'><strong>est</strong></span> <span class='ocrx_word' id='word_1_91' title='bbox 1642 958 1702 1008; x_wconf 80' lang='lat' dir='ltr'><strong>ea</strong></span> <span class='ocrx_word' id='word_1_92' title='bbox 1735 961 1951 1023; x_wconf 86' lang='lat' dir='ltr'><strong>licentia,</strong></span> <span class='ocrx_word' id='word_1_93' title='bbox 1994 978 2087 1024; x_wconf 89' lang='lat' dir='ltr'><strong>qua</strong></span> <span class='ocrx_word' id='word_1_94' title='bbox 2119 959 2340 1008; x_wconf 78' lang='lat' dir='ltr'><strong>homines</strong></span> 
     </span>
     <span class='ocr_line' id='line_1_11' title="bbox 228 1047 2340 1113; baseline 0.001 -20"><span class='ocrx_word' id='word_1_95' title='bbox 228 1047 447 1094; x_wconf 87' lang='lat' dir='ltr'><strong>nonnulli</strong></span> <span class='ocrx_word' id='word_1_96' title='bbox 480 1048 616 1095; x_wconf 87' lang='lat' dir='ltr'><strong>brevi</strong></span> <span class='ocrx_word' id='word_1_97' title='bbox 650 1053 765 1093; x_wconf 87' lang='lat' dir='ltr'><strong>ante</strong></span> <span class='ocrx_word' id='word_1_98' title='bbox 807 1048 1175 1110; x_wconf 80' lang='lat' dir='ltr'><strong>typographiam</strong></span> <span class='ocrx_word' id='word_1_99' title='bbox 1209 1049 1454 1096; x_wconf 82' lang='lat' dir='ltr'><strong>inventam</strong></span> <span class='ocrx_word' id='word_1_100' title='bbox 1484 1056 1569 1097; x_wconf 88' lang='lat' dir='ltr'><strong>aut</strong></span> <span class='ocrx_word' id='word_1_101' title='bbox 1599 1048 1945 1113; x_wconf 80' lang='lat' dir='ltr'><strong>pervulgatam</strong></span> <span class='ocrx_word' id='word_1_102' title='bbox 1971 1051 2156 1097; x_wconf 87' lang='lat' dir='ltr'><strong>codices</strong></span> <span class='ocrx_word' id='word_1_103' title='bbox 2196 1063 2340 1096; x_wconf 85' lang='lat' dir='ltr'><strong>men-</strong></span> 
     </span>
     <span class='ocr_line' id='line_1_12' title="bbox 230 1135 2339 1198; baseline 0.003 -18"><span class='ocrx_word' id='word_1_104' title='bbox 230 1137 373 1181; x_wconf 87' lang='lat' dir='ltr'><strong>dosos</strong></span> <span class='ocrx_word' id='word_1_105' title='bbox 408 1142 459 1181; x_wconf 87' lang='lat' dir='ltr'><strong>et</strong></span> <span class='ocrx_word' id='word_1_106' title='bbox 485 1135 737 1180; x_wconf 79' lang='lat' dir='ltr'><strong>lacunosos</strong></span> <span class='ocrx_word' id='word_1_107' title='bbox 771 1137 1038 1180; x_wconf 86' lang='lat' dir='ltr'><strong>temerariis</strong></span> <span class='ocrx_word' id='word_1_108' title='bbox 1074 1138 1362 1181; x_wconf 85' lang='lat' dir='ltr'><strong>coniecturis</strong></span> <span class='ocrx_word' id='word_1_109' title='bbox 1396 1144 1447 1182; x_wconf 90' lang='lat' dir='ltr'><strong>et</strong></span> <span class='ocrx_word' id='word_1_110' title='bbox 1473 1137 1923 1198; x_wconf 83' lang='lat' dir='ltr'><strong>interpolationibus</strong></span> <span class='ocrx_word' id='word_1_111' title='bbox 1956 1140 2135 1184; x_wconf 80' lang='lat' dir='ltr'><strong>sarcire</strong></span> <span class='ocrx_word' id='word_1_112' title='bbox 2169 1139 2339 1187; x_wconf 83' lang='lat' dir='ltr'><strong>stude.-</strong></span> 
     </span>
     <span class='ocr_line' id='line_1_13' title="bbox 231 1222 2339 1285; baseline 0.001 -17"><span class='ocrx_word' id='word_1_113' title='bbox 231 1223 364 1268; x_wconf 87' lang='lat' dir='ltr'><strong>bant.</strong></span> <span class='ocrx_word' id='word_1_114' title='bbox 430 1222 557 1269; x_wconf 86' lang='lat' dir='ltr'><strong>Nota</strong></span> <span class='ocrx_word' id='word_1_115' title='bbox 593 1229 667 1267; x_wconf 90' lang='lat' dir='ltr'><strong>est</strong></span> <span class='ocrx_word' id='word_1_116' title='bbox 700 1225 776 1267; x_wconf 82' lang='lat' dir='ltr'><strong>res</strong></span> <span class='ocrx_word' id='word_1_117' title='bbox 810 1238 939 1268; x_wconf 91' lang='lat' dir='ltr'><strong>nunc</strong></span> <span class='ocrx_word' id='word_1_118' title='bbox 975 1238 1003 1267; x_wconf 90' lang='lat' dir='ltr'><strong>e</strong></span> <span class='ocrx_word' id='word_1_119' title='bbox 1034 1223 1277 1268; x_wconf 85' lang='lat' dir='ltr'><strong>codicibus</strong></span> <span class='ocrx_word' id='word_1_120' title='bbox 1311 1223 1636 1269; x_wconf 84' lang='lat' dir='ltr'><strong>Ciceronianis</strong></span> <span class='ocrx_word' id='word_1_121' title='bbox 1669 1232 1720 1271; x_wconf 87' lang='lat' dir='ltr'><strong>et</strong></span> <span class='ocrx_word' id='word_1_122' title='bbox 1743 1225 2058 1284; x_wconf 88' lang='lat' dir='ltr'><strong>elegiacorum</strong></span> <span class='ocrx_word' id='word_1_123' title='bbox 2088 1231 2339 1285; x_wconf 90' lang='lat' dir='ltr'><strong>poetarum</strong></span> 
     </span>
     <span class='ocr_line' id='line_1_14' title="bbox 233 1311 2341 1373; baseline 0.001 -17"><span class='ocrx_word' id='word_1_124' title='bbox 233 1311 531 1357; x_wconf 85' lang='lat' dir='ltr'><strong>Latinorum.</strong></span> <span class='ocrx_word' id='word_1_125' title='bbox 600 1311 664 1356; x_wconf 87' lang='lat' dir='ltr'><strong>Et</strong></span> <span class='ocrx_word' id='word_1_126' title='bbox 693 1311 745 1357; x_wconf 92' lang='lat' dir='ltr'><strong>hi</strong></span> <span class='ocrx_word' id='word_1_127' title='bbox 772 1318 883 1357; x_wconf 89' lang='lat' dir='ltr'><strong>sunt</strong></span> <span class='ocrx_word' id='word_1_128' title='bbox 909 1311 978 1357; x_wconf 90' lang='lat' dir='ltr'><strong>illi</strong></span> <span class='ocrx_word' id='word_1_129' title='bbox 1012 1313 1226 1370; x_wconf 87' lang='lat' dir='ltr'><strong>codices,</strong></span> <span class='ocrx_word' id='word_1_130' title='bbox 1280 1313 1343 1358; x_wconf 85' lang='lat' dir='ltr'><strong>ad</strong></span> <span class='ocrx_word' id='word_1_131' title='bbox 1375 1328 1580 1373; x_wconf 87' lang='lat' dir='ltr'><strong>quorum</strong></span> <span class='ocrx_word' id='word_1_132' title='bbox 1612 1311 1755 1358; x_wconf 87' lang='lat' dir='ltr'><strong>fidem</strong></span> <span class='ocrx_word' id='word_1_133' title='bbox 1788 1327 1962 1373; x_wconf 88' lang='lat' dir='ltr'><strong>magna</strong></span> <span class='ocrx_word' id='word_1_134' title='bbox 1990 1327 2052 1359; x_wconf 85' lang='lat' dir='ltr'><strong>ex</strong></span> <span class='ocrx_word' id='word_1_135' title='bbox 2085 1319 2222 1372; x_wconf 88' lang='lat' dir='ltr'><strong>parte</strong></span> <span class='ocrx_word' id='word_1_136' title='bbox 2242 1313 2341 1359; x_wconf 83' lang='lat' dir='ltr'><strong>&#39;re—</strong></span> 
     </span>
     <span class='ocr_line' id='line_1_15' title="bbox 231 1399 2340 1463; baseline 0 -18"><span class='ocrx_word' id='word_1_137' title='bbox 231 1407 456 1446; x_wconf 70' lang='lat' dir='ltr'><strong>vocatum</strong></span> <span class='ocrx_word' id='word_1_138' title='bbox 481 1399 719 1445; x_wconf 84' lang='lat' dir='ltr'><strong>habemus</strong></span> <span class='ocrx_word' id='word_1_139' title='bbox 754 1414 785 1445; x_wconf 86' lang='lat' dir='ltr'><strong>a</strong></span> <span class='ocrx_word' id='word_1_140' title='bbox 817 1399 1139 1446; x_wconf 88' lang='lat' dir='ltr'><strong>Wakefieldio</strong></span> <span class='ocrx_word' id='word_1_141' title='bbox 1171 1399 1385 1446; x_wconf 88' lang='lat' dir='ltr'><strong>Lucretii</strong></span> <span class='ocrx_word' id='word_1_142' title='bbox 1417 1408 1630 1456; x_wconf 73' lang='lat' dir='ltr'><strong>textum,</strong></span> <span class='ocrx_word' id='word_1_143' title='bbox 1692 1407 1743 1447; x_wconf 87' lang='lat' dir='ltr'><strong>et</strong></span> <span class='ocrx_word' id='word_1_144' title='bbox 1772 1416 1835 1446; x_wconf 83' lang='lat' dir='ltr'><strong>ex</strong></span> <span class='ocrx_word' id='word_1_145' title='bbox 1877 1416 2084 1463; x_wconf 90' lang='lat' dir='ltr'><strong>quorum</strong></span> <span class='ocrx_word' id='word_1_146' title='bbox 2124 1400 2340 1461; x_wconf 82' lang='lat' dir='ltr'><strong>apicibus</strong></span> 
     </span>
     <span class='ocr_line' id='line_1_16' title="bbox 236 1486 2339 1550; baseline 0.001 -18"><span class='ocrx_word' id='word_1_147' title='bbox 236 1486 316 1532; x_wconf 90' lang='lat' dir='ltr'><strong>ille</strong></span> <span class='ocrx_word' id='word_1_148' title='bbox 348 1489 647 1534; x_wconf 88' lang='lat' dir='ltr'><strong>coniecturas</strong></span> <span class='ocrx_word' id='word_1_149' title='bbox 691 1503 803 1534; x_wconf 88' lang='lat' dir='ltr'><strong>suas</strong></span> <span class='ocrx_word' id='word_1_150' title='bbox 847 1487 1079 1546; x_wconf 87' lang='lat' dir='ltr'><strong>ducebat,</strong></span> <span class='ocrx_word' id='word_1_151' title='bbox 1146 1504 1294 1549; x_wconf 89' lang='lat' dir='ltr'><strong>quum</strong></span> <span class='ocrx_word' id='word_1_152' title='bbox 1342 1489 1568 1535; x_wconf 83' lang='lat' dir='ltr'><strong>Lambini</strong></span> <span class='ocrx_word' id='word_1_153' title='bbox 1608 1488 1906 1550; x_wconf 85' lang='lat' dir='ltr'><strong>aliorumque</strong></span> <span class='ocrx_word' id='word_1_154' title='bbox 1947 1488 2339 1548; x_wconf 82' lang='lat' dir='ltr'><strong>interpolationes</strong></span> 
     </span>
     <span class='ocr_line' id='line_1_17' title="bbox 237 1574 2343 1636; baseline 0 -17"><span class='ocrx_word' id='word_1_155' title='bbox 237 1574 525 1634; x_wconf 83' lang='lat' dir='ltr'><strong>expulisset,</strong></span> <span class='ocrx_word' id='word_1_156' title='bbox 554 1577 618 1620; x_wconf 88' lang='lat' dir='ltr'><strong>ad</strong></span> <span class='ocrx_word' id='word_1_157' title='bbox 648 1591 844 1621; x_wconf 89' lang='lat' dir='ltr'><strong>sensum</strong></span> <span class='ocrx_word' id='word_1_158' title='bbox 878 1582 1042 1621; x_wconf 86' lang='lat' dir='ltr'><strong>tamen</strong></span> <span class='ocrx_word' id='word_1_159' title='bbox 1072 1575 1278 1635; x_wconf 84' lang='lat' dir='ltr'><strong>aliquem</strong></span> <span class='ocrx_word' id='word_1_160' title='bbox 1306 1592 1337 1621; x_wconf 85' lang='lat' dir='ltr'><strong>a</strong></span> <span class='ocrx_word' id='word_1_161' title='bbox 1358 1577 1572 1623; x_wconf 83' lang='lat' dir='ltr'><strong>Lucretii</strong></span> <span class='ocrx_word' id='word_1_162' title='bbox 1604 1577 1907 1636; x_wconf 87' lang='lat' dir='ltr'><strong>opinionibus</strong></span> <span class='ocrx_word' id='word_1_163' title='bbox 1940 1582 1991 1620; x_wconf 90' lang='lat' dir='ltr'><strong>et</strong></span> <span class='ocrx_word' id='word_1_164' title='bbox 2020 1576 2343 1635; x_wconf 81' lang='lat' dir='ltr'><strong>disputatione</strong></span> 
     </span>
    </p>
   </div>
   <div class='ocr_carea' id='block_1_3' title="bbox 120 1661 2343 1731">
    <p class='ocr_par' dir='ltr' id='par_1_3' title="bbox 120 1661 2343 1731">
     <span class='ocr_line' id='line_1_18' title="bbox 120 1661 2343 1731; baseline 0 -24"><span class='ocrx_word' id='word_1_165' title='bbox 120 1666 131 1678; x_wconf 82' lang='lat'><strong><em>&#39;</em></strong></span> <span class='ocrx_word' id='word_1_166' title='bbox 184 1729 186 1731; x_wconf 12' lang='lat' dir='ltr'>V</span> <span class='ocrx_word' id='word_1_167' title='bbox 233 1677 334 1708; x_wconf 90' lang='lat' dir='ltr'><strong>non</strong></span> <span class='ocrx_word' id='word_1_168' title='bbox 367 1661 579 1709; x_wconf 85' lang='lat' dir='ltr'><strong>alienum</strong></span> <span class='ocrx_word' id='word_1_169' title='bbox 611 1662 896 1724; x_wconf 89' lang='lat' dir='ltr'><strong>plerumque</strong></span> <span class='ocrx_word' id='word_1_170' title='bbox 929 1664 1321 1709; x_wconf 85' lang='lat' dir='ltr'><strong>accommodatas.</strong></span> <span class='ocrx_word' id='word_1_171' title='bbox 1389 1662 1605 1709; x_wconf 88' lang='lat' dir='ltr'><strong>Primum</strong></span> <span class='ocrx_word' id='word_1_172' title='bbox 1633 1665 1780 1724; x_wconf 90' lang='lat' dir='ltr'><strong>igitur</strong></span> <span class='ocrx_word' id='word_1_173' title='bbox 1805 1669 1961 1724; x_wconf 85' lang='lat' dir='ltr'><strong>patet,</strong></span> <span class='ocrx_word' id='word_1_174' title='bbox 1993 1663 2118 1709; x_wconf 88' lang='lat' dir='ltr'><strong>hanc</strong></span> <span class='ocrx_word' id='word_1_175' title='bbox 2150 1677 2343 1708; x_wconf 87' lang='lat' dir='ltr'><strong>omnem</strong></span> 
     </span>
    </p>
   </div>
   <div class='ocr_carea' id='block_1_4' title="bbox 231 1749 2343 2168">
    <p class='ocr_par' dir='ltr' id='par_1_4' title="bbox 231 1749 2343 2168">
     <span class='ocr_line' id='line_1_19' title="bbox 235 1749 2340 1814; baseline -0 -17"><span class='ocrx_word' id='word_1_176' title='bbox 235 1750 517 1798; x_wconf 83' lang='lat' dir='ltr'><strong>varietatem</strong></span> <span class='ocrx_word' id='word_1_177' title='bbox 559 1751 735 1814; x_wconf 82' lang='lat' dir='ltr'><strong>horum</strong></span> <span class='ocrx_word' id='word_1_178' title='bbox 770 1752 992 1797; x_wconf 90' lang='lat' dir='ltr'><strong>codicum</strong></span> <span class='ocrx_word' id='word_1_179' title='bbox 1024 1750 1358 1812; x_wconf 83' lang='lat' dir='ltr'><strong>negligendam</strong></span> <span class='ocrx_word' id='word_1_180' title='bbox 1392 1764 1519 1813; x_wconf 86' lang='lat' dir='ltr'><strong>esse3</strong></span> <span class='ocrx_word' id='word_1_181' title='bbox 1572 1752 1745 1797; x_wconf 89' lang='lat' dir='ltr'><strong>deinde</strong></span> <span class='ocrx_word' id='word_1_182' title='bbox 1779 1757 1960 1811; x_wconf 86' lang='lat' dir='ltr'><strong>autem,</strong></span> <span class='ocrx_word' id='word_1_183' title='bbox 2008 1750 2194 1797; x_wconf 88' lang='lat' dir='ltr'><strong>etiamsi</strong></span> <span class='ocrx_word' id='word_1_184' title='bbox 2219 1749 2340 1796; x_wconf 87' lang='lat' dir='ltr'><strong>-dili-</strong></span> 
     </span>
     <span class='ocr_line' id='line_1_20' title="bbox 237 1838 2342 1900; baseline 0 -17"><span class='ocrx_word' id='word_1_185' title='bbox 237 1840 424 1898; x_wconf 87' lang='lat' dir='ltr'><strong>gentius</strong></span> <span class='ocrx_word' id='word_1_186' title='bbox 451 1839 613 1885; x_wconf 86' lang='lat' dir='ltr'><strong>collati</strong></span> <span class='ocrx_word' id='word_1_187' title='bbox 642 1839 825 1885; x_wconf 88' lang='lat' dir='ltr'><strong>fuerint</strong></span> <span class='ocrx_word' id='word_1_188' title='bbox 843 1839 981 1884; x_wconf 89' lang='lat' dir='ltr'><strong>codd.</strong></span> <span class='ocrx_word' id='word_1_189' title='bbox 999 1838 1239 1898; x_wconf 87' lang='lat' dir='ltr'><strong>Gottorp.,</strong></span> <span class='ocrx_word' id='word_1_190' title='bbox 1269 1839 1507 1900; x_wconf 88' lang='lat' dir='ltr'><strong>Lugdun.‚</strong></span> <span class='ocrx_word' id='word_1_191' title='bbox 1542 1840 1719 1900; x_wconf 89' lang='lat' dir='ltr'><strong>quique</strong></span> <span class='ocrx_word' id='word_1_192' title='bbox 1750 1838 1927 1884; x_wconf 88' lang='lat' dir='ltr'><strong>similes</strong></span> <span class='ocrx_word' id='word_1_193' title='bbox 1957 1838 2159 1898; x_wconf 85' lang='lat' dir='ltr'><strong>reperiri</strong></span> <span class='ocrx_word' id='word_1_194' title='bbox 2195 1840 2342 1898; x_wconf 81' lang='lat' dir='ltr'><strong>pote-</strong></span> 
     </span>
     <span class='ocr_line' id='line_1_21' title="bbox 238 1925 2341 1987; baseline 0 -16"><span class='ocrx_word' id='word_1_195' title='bbox 238 1933 357 1971; x_wconf 87' lang='lat' dir='ltr'><strong>runt</strong></span> <span class='ocrx_word' id='word_1_196' title='bbox 385 1926 439 1972; x_wconf 92' lang='lat' dir='ltr'><strong>in</strong></span> <span class='ocrx_word' id='word_1_197' title='bbox 466 1926 625 1971; x_wconf 88' lang='lat' dir='ltr'><strong>Gallia</strong></span> <span class='ocrx_word' id='word_1_198' title='bbox 655 1926 849 1973; x_wconf 83' lang='lat' dir='ltr'><strong>Italiave</strong></span> <span class='ocrx_word' id='word_1_199' title='bbox 879 1932 962 1972; x_wconf 91' lang='lat' dir='ltr'><strong>aut</strong></span> <span class='ocrx_word' id='word_1_200' title='bbox 995 1925 1131 1985; x_wconf 82' lang='lat' dir='ltr'><strong>alibi,</strong></span> <span class='ocrx_word' id='word_1_201' title='bbox 1164 1926 1294 1987; x_wconf 89' lang='lat' dir='ltr'><strong>quod</strong></span> <span class='ocrx_word' id='word_1_202' title='bbox 1324 1939 1439 1973; x_wconf 87' lang='lat' dir='ltr'><strong>sane</strong></span> <span class='ocrx_word' id='word_1_203' title='bbox 1466 1927 1715 1986; x_wconf 83' lang='lat' dir='ltr'><strong>suscipiet,</strong></span> <span class='ocrx_word' id='word_1_204' title='bbox 1747 1927 1829 1987; x_wconf 90' lang='lat' dir='ltr'><strong>qui</strong></span> <span class='ocrx_word' id='word_1_205' title='bbox 1855 1941 2015 1986; x_wconf 81' lang='lat' dir='ltr'><strong>operae</strong></span> <span class='ocrx_word' id='word_1_206' title='bbox 2047 1927 2258 1986; x_wconf 88' lang='lat' dir='ltr'><strong>pretium</strong></span> <span class='ocrx_word' id='word_1_207' title='bbox 2287 1926 2341 1971; x_wconf 91' lang='lat' dir='ltr'><strong>in</strong></span> 
     </span>
     <span class='ocr_line' id='line_1_22' title="bbox 231 1999 2343 2074; baseline 0 -17"><span class='ocrx_word' id='word_1_208' title='bbox 231 2012 466 2059; x_wconf 88' lang='lat' dir='ltr'><strong>¹Lucretio</strong></span> <span class='ocrx_word' id='word_1_209' title='bbox 498 2013 797 2058; x_wconf 87' lang='lat' dir='ltr'><strong>recensendo</strong></span> <span class='ocrx_word' id='word_1_210' title='bbox 829 2011 991 2058; x_wconf 88' lang='lat' dir='ltr'><strong>facere</strong></span> <span class='ocrx_word' id='word_1_211' title='bbox 1023 2013 1175 2070; x_wconf 84' lang='lat' dir='ltr'><strong>volet,</strong></span> <span class='ocrx_word' id='word_1_212' title='bbox 1216 2012 1380 2060; x_wconf 83' lang='lat' dir='ltr'><strong>ta&#39;m&#39;en</strong></span> <span class='ocrx_word' id='word_1_213' title='bbox 1412 2028 1467 2059; x_wconf 88' lang='lat' dir='ltr'><strong>re</strong></span> <span class='ocrx_word' id='word_1_214' title='bbox 1499 1999 1615 2061; x_wconf 71' lang='lat' dir='ltr'><strong>vera</strong></span> <span class='ocrx_word' id='word_1_215' title='bbox 1646 2011 1789 2059; x_wconf 87' lang='lat' dir='ltr'><strong>unius</strong></span> <span class='ocrx_word' id='word_1_216' title='bbox 1822 2017 2011 2059; x_wconf 87' lang='lat' dir='ltr'><strong>tantum&#39;</strong></span> <span class='ocrx_word' id='word_1_217' title='bbox 2040 2028 2196 2074; x_wconf 86' lang='lat' dir='ltr'><strong>neque</strong></span> <span class='ocrx_word' id='word_1_218' title='bbox 2225 2012 2343 2057; x_wconf 86' lang='lat' dir='ltr'><strong>satis</strong></span> 
     </span>
     <span class='ocr_line' id='line_1_23' title="bbox 237 2098 2343 2168; baseline 0 -25"><span class='ocrx_word' id='word_1_219' title='bbox 237 2099 410 2160; x_wconf 82' lang='lat' dir='ltr'><strong>integri</strong></span> <span class='ocrx_word' id='word_1_220' title='bbox 442 2102 622 2147; x_wconf 87' lang='lat' dir='ltr'><strong>codicis</strong></span> <span class='ocrx_word' id='word_1_221' title='bbox 665 2101 905 2160; x_wconf 86' lang='lat' dir='ltr'><strong>scriptura</strong></span> <span class='ocrx_word' id='word_1_222' title='bbox 950 2098 1220 2146; x_wconf 86' lang='lat' dir='ltr'><strong>habebitur.</strong></span> <span class='ocrx_word' id='word_1_223' title='bbox 1286 2101 1381 2147; x_wconf 87' lang='lat' dir='ltr'><strong>Sed</strong></span> <span class='ocrx_word' id='word_1_224' title='bbox 1412 2100 1586 2168; x_wconf 75' lang='lat' dir='ltr'><strong>horum</strong></span> <span class='ocrx_word' id='word_1_225' title='bbox 1624 2100 1909 2163; x_wconf 77' lang='lat' dir='ltr'><strong>utrumque,</strong></span> <span class='ocrx_word' id='word_1_226' title='bbox 1948 2106 1999 2147; x_wconf 88' lang='lat' dir='ltr'><strong>et</strong></span> <span class='ocrx_word' id='word_1_227' title='bbox 2031 2098 2103 2146; x_wconf 78' lang='lat' dir='ltr'><strong>ex&#39;</strong></span> <span class='ocrx_word' id='word_1_228' title='bbox 2123 2104 2222 2146; x_wconf 85' lang='lat' dir='ltr'><strong>uno</strong></span> <span class='ocrx_word' id='word_1_229' title='bbox 2254 2112 2343 2144; x_wconf 85' lang='lat' dir='ltr'><strong>co·-</strong></span> 
     </span>
    </p>
   </div>
   <div class='ocr_carea' id='block_1_5' title="bbox 337 2272 2342 2862">
    <p class='ocr_par' dir='ltr' id='par_1_5' title="bbox 337 2272 2342 2862">
     <span class='ocr_line' id='line_1_24' title="bbox 411 2272 2340 2321; baseline -0.002 -10"><span class='ocrx_word' id='word_1_230' title='bbox 411 2276 625 2312; x_wconf 80' lang='lat' dir='ltr'><strong>editoribus</strong></span> <span class='ocrx_word' id='word_1_231' title='bbox 648 2278 837 2318; x_wconf 71' lang='lat' dir='ltr'><strong>muas-arie,</strong></span> <span class='ocrx_word' id='word_1_232' title='bbox 886 2286 966 2320; x_wconf 82' lang='lat' dir='ltr'><strong>quo</strong></span> <span class='ocrx_word' id='word_1_233' title='bbox 989 2273 1090 2310; x_wconf 79' lang='lat' dir='ltr'><strong>facto</strong></span> <span class='ocrx_word' id='word_1_234' title='bbox 1114 2272 1350 2320; x_wconf 71' lang='lat' dir='ltr'><strong>cogebantur</strong></span> <span class='ocrx_word' id='word_1_235' title='bbox 1374 2273 1417 2309; x_wconf 80' lang='lat' dir='ltr'><strong>in</strong></span> <span class='ocrx_word' id='word_1_236' title='bbox 1438 2272 1516 2309; x_wconf 78' lang='lat' dir='ltr'><strong>fine</strong></span> <span class='ocrx_word' id='word_1_237' title='bbox 1540 2285 1673 2310; x_wconf 77' lang='lat' dir='ltr'><strong>versus</strong></span> <span class='ocrx_word' id='word_1_238' title='bbox 1695 2274 1762 2321; x_wconf 84' lang='lat'><strong>659</strong></span> <span class='ocrx_word' id='word_1_239' title='bbox 1786 2274 2007 2320; x_wconf 77' lang='lat' dir='ltr'><strong>particulam</strong></span> <span class='ocrx_word' id='word_1_240' title='bbox 2027 2280 2066 2309; x_wconf 75' lang='lat' dir='ltr'><strong>et</strong></span> <span class='ocrx_word' id='word_1_241' title='bbox 2089 2272 2245 2313; x_wconf 76' lang='lat' dir='ltr'><strong>addere3</strong></span> <span class='ocrx_word' id='word_1_242' title='bbox 2297 2274 2340 2307; x_wconf 84' lang='lat' dir='ltr'><strong>in</strong></span> 
     </span>
     <span class='ocr_line' id='line_1_25' title="bbox 410 2331 2339 2381; baseline -0.003 -9"><span class='ocrx_word' id='word_1_243' title='bbox 410 2339 672 2372; x_wconf 83' lang='lat' dir='ltr'><strong>recentissimo</strong></span> <span class='ocrx_word' id='word_1_244' title='bbox 699 2344 824 2370; x_wconf 82' lang='lat' dir='ltr'><strong>autem</strong></span> <span class='ocrx_word' id='word_1_245' title='bbox 852 2335 1067 2381; x_wconf 79' lang='lat' dir='ltr'><strong>apographo</strong></span> <span class='ocrx_word' id='word_1_246' title='bbox 1091 2335 1280 2371; x_wconf 79' lang='lat' dir='ltr'><strong>Pom-iano</strong></span> <span class='ocrx_word' id='word_1_247' title='bbox 1305 2334 1421 2380; x_wconf 86' lang='lat' dir='ltr'><strong>(apud</strong></span> <span class='ocrx_word' id='word_1_248' title='bbox 1444 2333 1612 2377; x_wconf 75' lang='lat' dir='ltr'><strong>Wakef.)</strong></span> <span class='ocrx_word' id='word_1_249' title='bbox 1637 2341 1676 2369; x_wconf 83' lang='lat' dir='ltr'><strong>et</strong></span> <span class='ocrx_word' id='word_1_250' title='bbox 1697 2337 1739 2369; x_wconf 88' lang='lat' dir='ltr'><strong>in</strong></span> <span class='ocrx_word' id='word_1_251' title='bbox 1760 2334 1846 2370; x_wconf 81' lang='lat' dir='ltr'><strong>edd.</strong></span> <span class='ocrx_word' id='word_1_252' title='bbox 1870 2341 1959 2370; x_wconf 83' lang='lat' dir='ltr'><strong>vett.</strong></span> <span class='ocrx_word' id='word_1_253' title='bbox 1986 2342 2043 2369; x_wconf 85' lang='lat' dir='ltr'><strong>est</strong></span> <span class='ocrx_word' id='word_1_254' title='bbox 2065 2334 2203 2376; x_wconf 78' lang='lat' dir='ltr'><strong>inesse,</strong></span> <span class='ocrx_word' id='word_1_255' title='bbox 2236 2331 2339 2377; x_wconf 85' lang='lat' dir='ltr'><strong>quod</strong></span> 
     </span>
     <span class='ocr_line' id='line_1_26' title="bbox 412 2392 2317 2440; baseline -0.003 -8"><span class='ocrx_word' id='word_1_256' title='bbox 412 2396 566 2434; x_wconf 74' lang='lat' dir='ltr'><strong>Wakef.</strong></span> <span class='ocrx_word' id='word_1_257' title='bbox 595 2400 636 2431; x_wconf 83' lang='lat' dir='ltr'><strong>in</strong></span> <span class='ocrx_word' id='word_1_258' title='bbox 660 2403 770 2431; x_wconf 82' lang='lat' dir='ltr'><strong>textu</strong></span> <span class='ocrx_word' id='word_1_259' title='bbox 794 2398 933 2439; x_wconf 83' lang='lat' dir='ltr'><strong>posuit,</strong></span> <span class='ocrx_word' id='word_1_260' title='bbox 959 2406 1006 2430; x_wconf 85' lang='lat' dir='ltr'><strong>ne</strong></span> <span class='ocrx_word' id='word_1_261' title='bbox 1030 2403 1160 2440; x_wconf 82' lang='lat' dir='ltr'><strong>aptum</strong></span> <span class='ocrx_word' id='word_1_262' title='bbox 1188 2395 1343 2440; x_wconf 85' lang='lat' dir='ltr'><strong>quidem</strong></span> <span class='ocrx_word' id='word_1_263' title='bbox 1368 2394 1550 2435; x_wconf 76' lang='lat' dir='ltr'><strong>verbum3</strong></span> <span class='ocrx_word' id='word_1_264' title='bbox 1571 2396 1669 2439; x_wconf 84' lang='lat' dir='ltr'><strong>(ipse</strong></span> <span class='ocrx_word' id='word_1_265' title='bbox 1695 2396 1972 2439; x_wconf 80' lang='lat' dir='ltr'><strong>interpretatur,</strong></span> <span class='ocrx_word' id='word_1_266' title='bbox 1996 2394 2186 2430; x_wconf 80' lang='lat' dir='ltr'><strong>contraria</strong></span> <span class='ocrx_word' id='word_1_267' title='bbox 2209 2392 2317 2436; x_wconf 73' lang='lat' dir='ltr'><strong>esse).</strong></span> 
     </span>
     <span class='ocr_line' id='line_1_27' title="bbox 337 2454 2341 2504; baseline -0.002 -10"><span class='ocrx_word' id='word_1_268' title='bbox 337 2461 371 2501; x_wconf 85' lang='lat'><strong>1)</strong></span> <span class='ocrx_word' id='word_1_269' title='bbox 416 2458 601 2504; x_wconf 75' lang='lat' dir='ltr'><strong>cagnano</strong></span> <span class='ocrx_word' id='word_1_270' title='bbox 623 2467 663 2494; x_wconf 86' lang='lat' dir='ltr'><strong>et</strong></span> <span class='ocrx_word' id='word_1_271' title='bbox 686 2461 800 2503; x_wconf 82' lang='lat' dir='ltr'><strong>stirps</strong></span> <span class='ocrx_word' id='word_1_272' title='bbox 826 2459 1066 2501; x_wconf 84' lang='lat' dir='ltr'><strong>cognoscitur</strong></span> <span class='ocrx_word' id='word_1_273' title='bbox 1088 2469 1141 2493; x_wconf 83' lang='lat' dir='ltr'><strong>cx</strong></span> <span class='ocrx_word' id='word_1_274' title='bbox 1164 2457 1233 2494; x_wconf 86' lang='lat' dir='ltr'><strong>lib.</strong></span> <span class='ocrx_word' id='word_1_275' title='bbox 1256 2457 1287 2503; x_wconf 89' lang='lat'><strong>1,</strong></span> <span class='ocrx_word' id='word_1_276' title='bbox 1309 2456 1348 2492; x_wconf 72' lang='lat' dir='ltr'><strong>v.</strong></span> <span class='ocrx_word' id='word_1_277' title='bbox 1369 2456 1459 2503; x_wconf 81' lang='lat'><strong>1067</strong></span> <span class='ocrx_word' id='word_1_278' title='bbox 1481 2456 1576 2501; x_wconf 71' lang='lat' dir='ltr'><strong>sqq„</strong></span> <span class='ocrx_word' id='word_1_279' title='bbox 1599 2455 1667 2491; x_wconf 86' lang='lat' dir='ltr'><strong>ubi</strong></span> <span class='ocrx_word' id='word_1_280' title='bbox 1689 2458 1729 2491; x_wconf 88' lang='lat' dir='ltr'><strong>in</strong></span> <span class='ocrx_word' id='word_1_281' title='bbox 1753 2456 1814 2491; x_wconf 84' lang='lat' dir='ltr'><strong>his</strong></span> <span class='ocrx_word' id='word_1_282' title='bbox 1834 2457 2055 2504; x_wconf 76' lang='lat' dir='ltr'><strong>apographis</strong></span> <span class='ocrx_word' id='word_1_283' title='bbox 2078 2464 2118 2492; x_wconf 84' lang='lat' dir='ltr'><strong>et</strong></span> <span class='ocrx_word' id='word_1_284' title='bbox 2140 2458 2181 2491; x_wconf 86' lang='lat' dir='ltr'><strong>in</strong></span> <span class='ocrx_word' id='word_1_285' title='bbox 2206 2454 2341 2490; x_wconf 85' lang='lat' dir='ltr'><strong>editio·</strong></span> 
     </span>
     <span class='ocr_line' id='line_1_28' title="bbox 415 2516 2340 2565; baseline -0.003 -12"><span class='ocrx_word' id='word_1_286' title='bbox 415 2520 528 2553; x_wconf 84' lang='lat' dir='ltr'><strong>nibus</strong></span> <span class='ocrx_word' id='word_1_287' title='bbox 553 2521 739 2562; x_wconf 85' lang='lat' dir='ltr'><strong>antiquis,</strong></span> <span class='ocrx_word' id='word_1_288' title='bbox 787 2529 870 2565; x_wconf 70' lang='lat' dir='ltr'><strong>quae</strong></span> <span class='ocrx_word' id='word_1_289' title='bbox 892 2528 942 2551; x_wconf 83' lang='lat' dir='ltr'><strong>ex</strong></span> <span class='ocrx_word' id='word_1_290' title='bbox 968 2518 1156 2551; x_wconf 79' lang='lat' dir='ltr'><strong>similibus</strong></span> <span class='ocrx_word' id='word_1_291' title='bbox 1183 2518 1303 2551; x_wconf 81' lang='lat' dir='ltr'><strong>ductae</strong></span> <span class='ocrx_word' id='word_1_292' title='bbox 1323 2524 1433 2557; x_wconf 83' lang='lat' dir='ltr'><strong>suut,</strong></span> <span class='ocrx_word' id='word_1_293' title='bbox 1481 2516 1616 2550; x_wconf 83' lang='lat' dir='ltr'><strong>desunt</strong></span> <span class='ocrx_word' id='word_1_294' title='bbox 1637 2523 1811 2550; x_wconf 77' lang='lat' dir='ltr'><strong>extremae</strong></span> <span class='ocrx_word' id='word_1_295' title='bbox 1835 2528 1944 2552; x_wconf 81' lang='lat' dir='ltr'><strong>voces</strong></span> <span class='ocrx_word' id='word_1_296' title='bbox 1967 2521 2138 2561; x_wconf 80' lang='lat' dir='ltr'><strong>quinque</strong></span> <span class='ocrx_word' id='word_1_297' title='bbox 2161 2525 2340 2549; x_wconf 80' lang='lat' dir='ltr'><strong>versuum</strong></span> 
     </span>
     <span class='ocr_line' id='line_1_29' title="bbox 415 2572 2342 2625; baseline -0.003 -11"><span class='ocrx_word' id='word_1_298' title='bbox 415 2579 593 2623; x_wconf 80' lang='lat' dir='ltr'><strong>deinceps</strong></span> <span class='ocrx_word' id='word_1_299' title='bbox 623 2579 832 2623; x_wconf 85' lang='lat' dir='ltr'><strong>positorum</strong></span> <span class='ocrx_word' id='word_1_300' title='bbox 857 2577 917 2620; x_wconf 85' lang='lat' dir='ltr'><strong>(in</strong></span> <span class='ocrx_word' id='word_1_301' title='bbox 949 2576 1056 2613; x_wconf 87' lang='lat' dir='ltr'><strong>codd.</strong></span> <span class='ocrx_word' id='word_1_302' title='bbox 1081 2575 1303 2625; x_wconf 69' lang='lat' dir='ltr'><strong>vindobon.</strong></span> <span class='ocrx_word' id='word_1_303' title='bbox 1323 2574 1470 2623; x_wconf 78' lang='lat' dir='ltr'><strong>Alteri,</strong></span> <span class='ocrx_word' id='word_1_304' title='bbox 1493 2574 1701 2619; x_wconf 75' lang='lat' dir='ltr'><strong>Pontiano,</strong></span> <span class='ocrx_word' id='word_1_305' title='bbox 1723 2575 2043 2621; x_wconf 78' lang='lat' dir='ltr'><strong>Cantabrigiensi,</strong></span> <span class='ocrx_word' id='word_1_306' title='bbox 2061 2573 2192 2611; x_wconf 73' lang='lat' dir='ltr'><strong>tribus</strong></span> <span class='ocrx_word' id='word_1_307' title='bbox 2214 2572 2342 2610; x_wconf 70' lang='lat' dir='ltr'><strong>Musei</strong></span> 
     </span>
     <span class='ocr_line' id='line_1_30' title="bbox 418 2632 2341 2681; baseline -0.003 -7"><span class='ocrx_word' id='word_1_308' title='bbox 418 2638 629 2674; x_wconf 81' lang='lat' dir='ltr'><strong>Britannici</strong></span> <span class='ocrx_word' id='word_1_309' title='bbox 652 2636 753 2681; x_wconf 87' lang='lat' dir='ltr'><strong>apud</strong></span> <span class='ocrx_word' id='word_1_310' title='bbox 779 2634 952 2678; x_wconf 53' lang='lat' dir='ltr'><strong>walnen,</strong></span> <span class='ocrx_word' id='word_1_311' title='bbox 980 2636 1063 2673; x_wconf 84' lang='lat' dir='ltr'><strong>edd.</strong></span> <span class='ocrx_word' id='word_1_312' title='bbox 1085 2635 1293 2676; x_wconf 72' lang='lat' dir='ltr'><strong>Brixiemi,</strong></span> <span class='ocrx_word' id='word_1_313' title='bbox 1319 2634 1484 2677; x_wconf 57' lang='lat' dir='ltr'><strong>Veron„</strong></span> <span class='ocrx_word' id='word_1_314' title='bbox 1508 2635 1693 2680; x_wconf 81' lang='lat' dir='ltr'><strong>Veneta),</strong></span> <span class='ocrx_word' id='word_1_315' title='bbox 1716 2638 1791 2671; x_wconf 82' lang='lat' dir='ltr'><strong>nisi</strong></span> <span class='ocrx_word' id='word_1_316' title='bbox 1811 2634 1917 2679; x_wconf 84' lang='lat' dir='ltr'><strong>quod</strong></span> <span class='ocrx_word' id='word_1_317' title='bbox 1941 2638 1981 2670; x_wconf 87' lang='lat' dir='ltr'><strong>in</strong></span> <span class='ocrx_word' id='word_1_318' title='bbox 2008 2632 2194 2678; x_wconf 70' lang='lat' dir='ltr'><strong>Catubrig.</strong></span> <span class='ocrx_word' id='word_1_319' title='bbox 2217 2637 2341 2668; x_wconf 78' lang='lat' dir='ltr'><strong>tenta-</strong></span> 
     </span>
     <span class='ocr_line' id='line_1_31' title="bbox 360 2692 2342 2742; baseline -0.005 -6"><span class='ocrx_word' id='word_1_320' title='bbox 360 2705 363 2708; x_wconf 71' lang='lat'>‘</span> <span class='ocrx_word' id='word_1_321' title='bbox 416 2701 521 2736; x_wconf 71' lang='lat' dir='ltr'><strong>mina</strong></span> <span class='ocrx_word' id='word_1_322' title='bbox 541 2697 708 2742; x_wconf 69' lang='lat' dir='ltr'><strong>quaedam</strong></span> <span class='ocrx_word' id='word_1_323' title='bbox 734 2694 936 2741; x_wconf 76' lang='lat' dir='ltr'><strong>supplendi</strong></span> <span class='ocrx_word' id='word_1_324' title='bbox 956 2701 1149 2741; x_wconf 75' lang='lat' dir='ltr'><strong>apparent,</strong></span> <span class='ocrx_word' id='word_1_325' title='bbox 1172 2696 1255 2740; x_wconf 63' lang='lat' dir='ltr'><strong>quie</strong></span> <span class='ocrx_word' id='word_1_326' title='bbox 1266 2693 1556 2741; x_wconf 71' lang='lat' dir='ltr'><strong>Havercampius</strong></span> <span class='ocrx_word' id='word_1_327' title='bbox 1580 2707 1630 2731; x_wconf 84' lang='lat' dir='ltr'><strong>ex</strong></span> <span class='ocrx_word' id='word_1_328' title='bbox 1652 2697 1729 2731; x_wconf 87' lang='lat' dir='ltr'><strong>alio</strong></span> <span class='ocrx_word' id='word_1_329' title='bbox 1752 2694 1837 2734; x_wconf 84' lang='lat' dir='ltr'><strong>cod.</strong></span> <span class='ocrx_word' id='word_1_330' title='bbox 1861 2703 1986 2731; x_wconf 83' lang='lat' dir='ltr'><strong>notata</strong></span> <span class='ocrx_word' id='word_1_331' title='bbox 2007 2693 2137 2730; x_wconf 79' lang='lat' dir='ltr'><strong>babet.</strong></span> <span class='ocrx_word' id='word_1_332' title='bbox 2180 2692 2265 2728; x_wconf 85' lang='lat' dir='ltr'><strong>Non</strong></span> <span class='ocrx_word' id='word_1_333' title='bbox 2284 2697 2342 2726; x_wconf 84' lang='lat' dir='ltr'><strong>est</strong></span> 
     </span>
     <span class='ocr_line' id='line_1_32' title="bbox 417 2751 2341 2802; baseline -0.005 -6"><span class='ocrx_word' id='word_1_334' title='bbox 417 2761 635 2796; x_wconf 82' lang='lat' dir='ltr'><strong>adnotatum</strong></span> <span class='ocrx_word' id='word_1_335' title='bbox 660 2756 707 2792; x_wconf 82' lang='lat' dir='ltr'><strong>ab</strong></span> <span class='ocrx_word' id='word_1_336' title='bbox 731 2759 801 2799; x_wconf 78' lang='lat' dir='ltr'><strong>iis,</strong></span> <span class='ocrx_word' id='word_1_337' title='bbox 848 2758 917 2801; x_wconf 86' lang='lat' dir='ltr'><strong>qui</strong></span> <span class='ocrx_word' id='word_1_338' title='bbox 952 2751 1172 2791; x_wconf 64' lang='lat' dir='ltr'><strong>‘varietatem</strong></span> <span class='ocrx_word' id='word_1_339' title='bbox 1198 2757 1391 2800; x_wconf 69' lang='lat' dir='ltr'><strong>scriptura:</strong></span> <span class='ocrx_word' id='word_1_340' title='bbox 1425 2757 1686 2802; x_wconf 79' lang='lat' dir='ltr'><strong>collegerunt,</strong></span> <span class='ocrx_word' id='word_1_341' title='bbox 1737 2757 1823 2802; x_wconf 77' lang='lat' dir='ltr'><strong>quis</strong></span> <span class='ocrx_word' id='word_1_342' title='bbox 1844 2758 1989 2802; x_wconf 72' lang='lat' dir='ltr'><strong>primus</strong></span> <span class='ocrx_word' id='word_1_343' title='bbox 2011 2759 2180 2800; x_wconf 81' lang='lat' dir='ltr'><strong>integros</strong></span> <span class='ocrx_word' id='word_1_344' title='bbox 2211 2761 2341 2788; x_wconf 76' lang='lat' dir='ltr'><strong>versus</strong></span> 
     </span>
     <span class='ocr_line' id='line_1_33' title="bbox 418 2815 2170 2862; baseline -0.005 -6"><span class='ocrx_word' id='word_1_345' title='bbox 418 2821 581 2857; x_wconf 78' lang='lat' dir='ltr'><strong>ediderit</strong></span> <span class='ocrx_word' id='word_1_346' title='bbox 603 2829 655 2853; x_wconf 79' lang='lat' dir='ltr'><strong>ox</strong></span> <span class='ocrx_word' id='word_1_347' title='bbox 676 2818 806 2862; x_wconf 80' lang='lat' dir='ltr'><strong>aliquo</strong></span> <span class='ocrx_word' id='word_1_348' title='bbox 828 2817 988 2851; x_wconf 71' lang='lat' dir='ltr'><strong>alterius</strong></span> <span class='ocrx_word' id='word_1_349' title='bbox 1010 2818 1161 2861; x_wconf 79' lang='lat' dir='ltr'><strong>generis</strong></span> <span class='ocrx_word' id='word_1_350' title='bbox 1187 2815 1331 2851; x_wconf 82' lang='lat' dir='ltr'><strong>codice.</strong></span> <span class='ocrx_word' id='word_1_351' title='bbox 2068 2828 2070 2830; x_wconf 58' lang='grc'>’</span> <span class='ocrx_word' id='word_1_352' title='bbox 2158 2827 2170 2832; x_wconf 85' lang='grc'><strong>··</strong></span> 
     </span>
    </p>
   </div>
  </div>
 </body>
</html>
