2582 3105
2175 126 2243 172 13

203 251 306 300 rius
337 252 486 309 irent,
530 261 675 310 quam
701 245 813 294 solis
845 245 1053 305 lumina,
1092 247 1209 296 satis
1242 253 1349 297 erat
1380 254 1494 297 ante
1527 249 1823 310 expositum,
1867 252 1994 313 quod
2024 266 2184 316 neque
2213 267 2302 315 per

203 341 326 387 aeris
357 338 512 385 undas
542 335 809 398 obstantes,
872 339 959 384 sed
993 351 1082 398 per
1109 339 1253 385 inane
1285 344 1620 398 moverentur,
1685 352 1844 400 neque
1876 354 2103 386 connexae
2134 340 2300 402 plures

200 428 329 474 inter
363 439 417 472 se
456 424 817 473 retraherentur
870 424 989 490 (149
1036 422 1173 486 sqq.).
1272 425 1369 473 Sed
1408 433 1573 473 tamen
1611 411 1930 472 subiiciuntur
1967 442 2105 475 novae
2142 446 2299 477 causae

199 514 339 562 Nam
370 528 528 578 neque
557 512 756 560 consilio
777 511 872 562 &c.
935 513 1122 561 Verum
1154 512 1260 560 haec
1289 529 1540 560 causarum
1572 515 1754 561 mentio
1789 530 1934 576 quam
1967 523 2042 562 est
2073 516 2300 564 absurda!

198 602 312 649 Non
343 604 594 650 tardantur
622 602 835 676 consilio.
905 601 1027 660 Quis
1057 601 1109 645 id
1141 608 1225 646 aut
1259 602 1311 646 in
1345 603 1513 646 atomis
1542 604 1807 660 suspicatus
1841 609 1917 649 est
1946 610 2036 650 aut
2068 606 2301 664 suspicari

199 693 360 761 potuit
380 698 464 736 aut
486 692 538 736 in
556 689 655 735 ulla
673 705 729 735 re
747 689 904 746 simili,
936 689 1071 733 culus
1091 703 1203 733 cum
1225 686 1469 733 celeritate
1500 686 1690 733 illarum
1709 704 1875 734 cursus
1907 689 2302 750 compararetur?

199 794 263 826 an
294 778 405 826 solis
431 779 558 824 radii
580 776 778 823 consilio
808 770 1157 821 tardabantur?
1187 773 1377 821 Deinde
1409 789 1507 821 non
1533 780 1769 836 coguntur
1798 779 2059 834 persectari
2087 780 2302 837 primor-

199 854 280 916 dia
313 865 499 929 singula
528 879 743 926 quaeque,
772 864 930 930 idest,
963 863 1257 923 semetipsas,
1287 869 1344 909 ut
1370 862 1578 922 videant,
1613 879 1706 924 qua
1737 863 1925 910 ratione
1949 879 2028 911 res
2059 871 2301 927 gerantur.

199 955 327 1016 Quoe
361 961 436 1000 est
469 953 667 998 taudem
698 950 815 1011 ⁸haec
846 953 1055 1010 insania,
1107 952 1217 997 ideo
1251 957 1437 997 atomos
1469 950 1668 1007 celerius
1695 949 1815 998 ferri
1841 952 2027 1012 dicere,
2089 953 2218 1015 quod
2247 952 2300 1001 id

196 1059 298 1092 non
338 1041 542 1099 faciant,
591 1038 721 1101 quod
760 1054 861 1086 non
893 1040 1046 1100 magis
1079 1045 1164 1085 aut
1195 1037 1306 1085 solis
1338 1037 1522 1085 lumina
1559 1044 1643 1084 aut
1672 1037 1771 1084 ulla
1802 1037 1896 1084 alia
1922 1054 2002 1085 res
2033 1038 2203 1097 faciat,
2249 1047 2300 1086 et

199 1130 330 1194 quod
373 1129 457 1176 vix
498 1127 687 1173 ridendi
729 1140 873 1172 causa
914 1126 1136 1187 cuiquam
1173 1132 1259 1171 aut
1289 1126 1530 1186 Epicureo
1568 1133 1656 1172 aut
1686 1125 1766 1171 alii
1801 1127 1854 1170 in
1888 1133 2100 1173 mentem
2132 1129 2298 1174 venire

197 1219 351 1281 possit
391 1222 448 1263 ut
484 1215 654 1261 atomis
685 1213 891 1267 tribuat,
955 1228 1119 1259 curam
1147 1214 1362 1273 videndi,
1392 1214 1507 1274 quid
1538 1214 1719 1259 mundo
1752 1209 1871 1258 fiat?
1928 1212 2074 1273 Haec,
2118 1216 2161 1260 si
2193 1215 2299 1275 quis

199 1306 427 1360 attendit,
489 1309 591 1348 tam
631 1307 745 1346 sunt
783 1300 1012 1359 absurda,
1072 1308 1129 1346 ut
1167 1303 1249 1349 vix·
1289 1302 1343 1346 in
1384 1300 1471 1345 tali
1512 1316 1656 1347 causa
1686 1302 1930 1347 mentione
1963 1302 2160 1361 dignum
2192 1316 2297 1348 esse

198 1396 438 1451 videatur,
486 1406 567 1451 ea,
618 1405 724 1451 quse
756 1395 1042 1450 sequuntur,
1090 1390 1342 1448 perinepte
1372 1388 1556 1435 subiici.
1650 1389 1776 1436 Nam
1807 1405 1948 1450 quam
1986 1388 2137 1435 habet
2175 1405 2296 1437 con-

195 1483 492 1530 iunctionem
533 1484 802 1523 atomorum
852 1475 1106 1521 celeritatis
1151 1482 1202 1521 et
1243 1477 1416 1521 divinae
1450 1477 1747 1535 providentae
1779 1473 1996 1522 mentio?
2065 1483 2149 1523 aut
2181 1477 2296 1538 quid

198 1571 346 1617 habet
379 1566 626 1624 contrarii,
661 1570 846 1610 atomos
875 1561 1076 1608 celerius
1108 1561 1254 1622 ferri,
1290 1577 1434 1623 quam
1466 1561 1577 1608 solis
1610 1562 1815 1621 Iumina,
1848 1568 1898 1609 et
1930 1563 2163 1610 mundum
2195 1566 2297 1625 regi

197 1659 399 1705 deorum
436 1647 770 1714 providentia?
819 1650 1045 1710 Sequitur
1088 1651 1237 1695 enim:
1282 1647 1356 1696 At
1396 1648 1601 1710 quidam
1643 1657 1818 1694 contra
1845 1649 1952 1694 Izaec
1988 1648 2081 1697 &c.
2185 1651 2295 1709 Sed,

195 1753 253 1793 ut
285 1745 386 1791 dixi
416 1741 576 1800 initio,
630 1739 734 1799 ipsi'
755 1737 942 1784 codices
972 1737 1202 1783 indicium
1237 1735 1422 1783 faciunt
1453 1738 1525 1783 rei
1555 1751 1644 1797 per
1676 1751 1727 1781 se
1760 1743 1953 1797 apertae.
2018 1736 2145 1783 Nam
2178 1752 2295 1784 ver-

195 1847 278 1880 sus
319 1829 402 1877 ille
444 1824 581 1891 (164)
624 1827 760 1873 Nam
802 1839 961 1885 neque
1001 1822 1202 1867 consilio
1234 1821 1413 1868 debent
1440 1823 1650 1868 tardata
1689 1824 1906 1877 morari,
1971 1825 2023 1869 in
2055 1824 2190 1870 nullo
2225 1833 2298 1871 est

196 1920 364 1968 codice
404 1916 497 1963 nisi
535 1916 586 1961 in
630 1911 916 1974 apographis
955 1909 1114 1957 Musei
1153 1910 1437 1968 Britannici,
1502 1910 1564 1955 de
1607 1926 1813 1971 quorum
1857 1912 2142 1958 auctoritate
2181 1912 2294 1959 hinc

196 2009 425 2056 iudicium
457 2003 562 2050 fieri
591 2008 775 2063 potest,
809 2007 859 2047 et
888 2015 952 2048 ne
984 2000 1036 2046 in
1067 1999 1273 2061 antiquis
1302 1999 1494 2060 quidem
1530 1999 1820 2045 editionibus
1852 2000 2099 2061 omnibus3
2131 2002 2293 2061 itaque

194 2095 330 2143 locus
361 2095 429 2141 sic
459 2092 662 2151 scriptus
692 2094 788 2135 est:

526 2179 793 2239 Tempore,
826 2191 922 2238 quo
953 2174 1065 2222 solis
1096 2173 1381 2238 pervolgant
1411 2174 1602 2237 fulgura
1635 2172 1832 2220 coelum.

520 2354 624 2400 Nec
652 2353 914 2414 persectari
943 2350 1205 2413 primordia
1236 2348 1423 2410 singula
1457 2362 1674 2410 quaeque,
1724 2365 1747 2387 .·

520 2439 592 2486 Ut
619 2442 834 2500 videant,
884 2456 978 2502 qua
1010 2440 1215 2501 quidque
1241 2443 1435 2498 geratur
1466 2452 1580 2482 cum
1608 2438 1806 2482 ratione.

194 2535 294 2581 Iam
326 2544 469 2577 nemo
500 2527 669 2576 leviter
702 2529 974 2573 admonitus
1006 2541 1105 2579 non
1130 2527 1284 2584 videt,
1326 2539 1408 2583 ea,
1452 2539 1560 2586 quae
1594 2523 1670 2569 his
1704 2521 1891 2568 duobus
1923 2523 2148 2568 extremis
2177 2537 2291 2570 ver-

193 2622 325 2668 sibus
368 2619 695 2674 continentur‚
758 2614 1001 2675 pertinere
1048 2594 1110 2660 ad
1147 2615 1261 2660 deos
1299 2618 1348 2658 et
1389 2611 1451 2657 ad
1484 2610 1846 2658 describendam
1878 2609 2118 2670 Epicureo
2152 2625 2288 2656 more

193 2701 428 2757 infinitam
464 2704 596 2751 illam
626 2697 893 2749 molestiam
926 2707 977 2748 et
1009 2702 1256 2763 indignam
1285 2706 1418 2747 tanta
1445 2701 1694 2746 maiestate
1728 2711 1892 2743 curam
1905 2729 1922 2755 ‚
1990 2712 2134 2758 quam
2163 2697 2289 2758 Epi-

196 2811 338 2847 curus
371 2809 454 2846 eos
484 2794 730 2842 habituros
757 2790 982 2852 docebat,
1030 2791 1073 2839 si
1101 2790 1485 2858 imuniscerentur
1517 2785 1915 2836 administrationi
1945 2786 2128 2832 mundi.
2193 2783 2288 2831 At-
