2582 3105
305 128 371 175 12

239 273 340 307 non
359 256 665 318 terminante,
695 263 753 305 ut
772 255 976 318 simplex
999 256 1238 318 quoddam
1260 261 1387 303 esset
1406 254 1644 306 infinitum
1654 275 1671 320 ;
1703 264 1893 308 tantum
1915 266 2024 321 post
2042 256 2341 307 alterutrum

239 348 627 411 interpungenda
658 347 809 393 oratio
842 351 943 391 est:

569 433 668 481 Aut
697 435 843 480 etium
877 433 1185 493 alterutrum,
1208 495 1220 504 .
1234 434 1326 480 nisi
1357 435 1585 480 terminet
1618 433 1822 482 alterum
1853 449 2034 495 eorum,

568 521 785 583 Simplici
814 529 987 569 natura
1017 527 1182 582 pateat
1211 528 1375 569 tamen
1405 524 1787 570 immoderatum.

238 611 363 658 Haec
394 610 556 658 divelli
592 610 727 657 nullo
759 611 905 656 modo
937 616 1152 670 possunt.
1219 610 1314 656 Sed
1346 618 1396 657 et
1425 626 1503 657 res
1535 618 1585 657 et
1615 611 1814 672 Epicuri
1845 610 1993 659 verba
2023 615 2074 656 et
2102 615 2185 670 ea,
2216 626 2346 674 ’quae'

236 701 581 758 subiiciuntur,
626 707 794 758 aperte
829 698 1096 756 declarant,
1141 713 1204 744 ex
1240 700 1313 758 iis,
1356 701 1527 760 quibus
1561 699 1907 745 ostendendum
1939 706 2070 754 erat,
2118 704 2343 745 neutram

237 787 380 834 huius
414 787 743 833 disiunctionis
775 793 961 846 partem
990 801 1154 833 veram
1188 801 1293 832 esse
1324 801 1480 847 posse,
1512 788 1686 834 omissa
1718 802 1822 834 esse
1853 802 1925 846 ea,
1957 803 2065 849 quae
2096 788 2343 847 pertinent

241 876 306 922 ad
354 877 498 922 inane
559 874 746 920 finitum
797 880 1000 933 corpore
1049 874 1236 920 infinito
1291 877 1625 934 terminatum,
1690 891 1797 937 quae
1848 891 1935 921 cur
1986 875 2048 921 ab
2098 875 2342 929 Lucretio,

240 965 323 1024 qui
363 963 709 1009 studiosissime
749 961 948 1021 Epicuri
988 968 1271 1021 argumenta
1308 964 1613 1023 persequitur
1662 971 1713 1009 et
1759 962 1948 1022 dilatat,
2012 965 2189 1010 omissa
2243 964 2342 1008 sint

240 1056 325 1096 aut
359 1051 441 1111 qui
482 1050 639 1095 omitti
685 1050 958 1109 potuerint,
1007 1050 1131 1095 ratio
1164 1050 1303 1097 reddi
1335 1065 1435 1096 non
1468 1056 1652 1109 potest,
1700 1050 1874 1097 deinde
1906 1066 1969 1097 ex
2000 1051 2085 1113 iis,
2136 1065 2244 1112 quae
2280 1050 2343 1096 ad

240 1136 441 1183 alteram
482 1142 673 1196 partem
692 1142 695 1143 ’
715 1137 982 1196 pertinent,
1045 1137 1194 1196 ipsius
1238 1136 1563 1198 hypotheseos
1616 1139 2015 1198 propositionem,
2082 1138 2143 1184 ad
2183 1137 2340 1199 [quam

238 1223 515 1271 referantur
554 1225 762 1284 proximi
804 1238 987 1271 versus.
1053 1222 1316 1270 Verissime
1346 1225 1493 1285 igitur
1521 1223 1833 1285 Tanaquillus
1862 1225 2023 1272 Faber
2054 1239 2218 1273 versus
2251 1224 2344 1270 ali-

241 1319 360 1374 quot
402 1312 636 1357 excidisse
681 1313 949 1371 suspicatus
987 1317 1085 1371 est3
1148 1326 1305 1373 neque
1339 1313 1469 1357 enim
1499 1326 1597 1357 uno
1630 1318 1680 1357 et
1710 1311 1862 1358 altero
1895 1313 2056 1358 omnia
2089 1312 2173 1359 illa
2206 1326 2344 1358 com-

236 1400 478 1460 prehensa
506 1415 610 1445 esse
642 1406 868 1459 poterant
875 1416 892 1461 3
925 1415 1133 1460 eamque*
1158 1402 1474 1459 suspicionem
1488 1433 1503 1458 ,
1535 1400 1596 1445 ab
1627 1401 1736 1460 ipso
1766 1401 1978 1448 breviter
1999 1402 2220 1460 positam,
2249 1399 2342 1446 hac

240 1488 535 1534 accuratiore
569 1488 893 1546 disputatione
930 1490 1044 1534 satis
1077 1488 1407 1533 confirmatam
1439 1494 1573 1546 puto.
1666 1486 1833 1548 Itaque
1873 1489 1935 1532 ad
1966 1487 2168 1534 alterum
2201 1488 2342 1535 venio

239 1556 428 1633 locum,
470 1574 532 1620 de
565 1588 660 1634 quo
692 1588 837 1619 nemo
863 1574 1139 1621 huiusmodi
1173 1576 1432 1635 quidquam
1460 1574 1728 1632 suspicatus
1763 1581 1857 1633 est,
1910 1577 1999 1621 etsi
2029 1577 2123 1635 ipsi
2154 1574 2341 1620 codices

240 1663 302 1708 ad
334 1676 440 1708 rem
472 1660 808 1720 reperiendam
839 1661 983 1706 duces
1018 1668 1143 1707 sunt.
1208 1660 1334 1705 Nam
1363 1662 1416 1706 in
1449 1659 1660 1706 secundo
1684 1660 1808 1707 libro
1842 1663 1944 1708 eius
1970 1661 2089 1723 loci,
2133 1677 2227 1723 quo
2257 1675 2344 1706 ce·-

237 1748 399 1796 leritas
444 1747 743 1809 singularum
784 1753 1055 1794 atomorum
1088 1753 1491 1794 commemoratur
1533 1754 1584 1793 et
1623 1763 1733 1795 cum
1766 1748 1878 1797 solis
1919 1750 2165 1798 radiorum
2197 1762 2340 1797 cursu

242 1841 574 1898 comparatur,
611 1835 694 1881 hic
725 1841 800 1880 est
827 1837 880 1880 in
913 1836 1203 1880 editionibus
1236 1834 1393 1879 exitus
1428 1834 1493 1894 (v.
1529 1835 1627 1887 160
1660 1834 1807 1897 sqq.):

571 1923 768 1980 Debent
798 1923 1025 1983 nimirum
1060 1919 1261 1986 (atomi)
1297 1919 1574 1983 praecellere
1606 1922 1875 1985 mobilitate

572 2010 641 2058 Et
672 2009 827 2056 multo
857 2012 993 2056 citius
1026 2010 1166 2069 ferri,
1211 2026 1355 2071 quam
1386 2010 1568 2057 lumina
1599 2012 1727 2072 solis,

570 2096 923 2159 Multiplexque
954 2095 1050 2142 l‘oci
1078 2098 1284 2156 spatium
1315 2104 1644 2145 transcurrere
1676 2102 1848 2147 eodem

571 2184 832 2244 Tempore,
867 2199 962 2245 quo
990 2184 1103 2230 solis
1133 2184 1415 2244 pervolgant
1447 2183 1639 2243 fulgura
1671 2187 1881 2235 coelum:

573 2270 699 2316 Nam
725 2287 880 2334 neque
913 2271 1112 2318 consilio
1150 2271 1330 2317 debent
1360 2270 1550 2315 tardata
1579 2275 1771 2335 morari,

570 2358 674 2406 Nec
707 2363 966 2420 persectari
991 2363 1255 2422 primordia
1282 2361 1471 2424 singula
1504 2375 1719 2424 quoeque,

575 2446 647 2493 Ut
675 2448 890 2507 videant,
928 2464 1021 2509 qua
1052 2452 1261 2512 quidque
1293 2457 1488 2512 geratur
1518 2465 1626 2496 cum
1658 2451 1856 2499 ratione.

243 2536 521 2598 Sequuntur
553 2536 777 2597 deinceps
812 2550 1001 2595 versus,
1048 2539 1226 2599 quibusv
1251 2540 1303 2585 in
1342 2553 1424 2585 eos
1456 2545 1599 2599 poeta
1628 2539 1892 2601 invehitur,
1944 2544 2027 2604 qui
2054 2545 2147 2591 nisi
2174 2544 2336 2593 divino

240 2625 440 2672 numine
487 2623 722 2671 mundum
763 2631 863 2672 tam
906 2627 1263 2673 accommodate
1312 2626 1374 2672 ad
1424 2625 1656 2675 humanas
1688 2631 1895 2676 rationes
1937 2631 2196 2692 gubernari
2235 2647 2337 2680 non

242 2726 383 2771 posse
425 2714 638 2760 credunt.
742 2712 897 2760 Miror
928 2715 981 2760 in
1009 2713 1084 2760 his
1116 2716 1360 2762 neminem
1392 2714 1529 2763 valde
1560 2716 1777 2777 haesisse,
1842 2734 1950 2781 quoe
1980 2720 2215 2768 infinitam
2241 2719 2337 2766 ha·-
2411 2718 2415 2720 “

243 2799 363 2847 bent
382 2800 765 2863 reprehendendi
783 2803 1049 2863 materiam,
1077 2803 1350 2865 explicandi
1367 2804 1550 2854 nullam
1571 2808 1821 2854 rationem.
1889 2803 1990 2857 cm·-
2020 2801 2169 2865 atomi
2201 2806 2333 2854 eele-
